4808 6390
858 1575 1071 1651 CAPUT
1109 1576 1126 1648 I
1166 1577 1249 1651 DE
1287 1575 1562 1651 GENERE.

1077 1784 1327 1795 ——-———--—-

1107 1946 1230 2001 eurus
1258 1927 1288 2000 Ι.

524 2133 838 2230 Antiquissimum,
877 2134 968 2228 quod
1008 2133 1104 2229 novi,
1140 2140 1244 2231 caput
1271 2131 1447 2227 Gorgonis
1473 2138 1566 2205 certo
1592 2133 1720 2206 certius
1746 2135 2032 2231 antiquissimum

472 2252 558 2326 olim
591 2275 664 2323 non
697 2250 777 2347 fuit,
821 2258 965 2349 apparet
999 2250 1094 2324 euim
1128 2275 1148 2323 e
1182 2250 1357 2346 dentibus,
1392 2250 1528 2345 lingua,
1554 2250 1699 2323 auribus
1725 2258 1788 2323 aut
1812 2252 2032 2348 negligenter

470 2370 584 2464 factis,
620 2375 683 2441 aut
707 2369 824 2465 potius
861 2367 906 2441 ad
939 2367 1140 2466 exemplum
1181 2367 1274 2440 male
1311 2366 1529 2440 intellectum
1555 2367 1749 2464 descriptis,
1776 2368 1944 2442 artificem
1968 2378 2031 2445 aut

471 2486 578 2582 longa
603 2486 675 2559 iam
700 2484 951 2559 consuetudine
977 2510 1092 2581 usum,
1118 2492 1180 2557 aut
1206 2491 1317 2557 artem
1344 2490 1547 2556 extraneam
1574 2488 1732 2556 secutum
1758 2508 1844 2558 esse.

374 2617 416 2684 la
472 2602 588 2699 Caput
614 2600 790 2697 Gorgonis
816 2602 939 2696 lingua
964 2608 1114 2696 exserta,
1143 2624 1233 2696 quae
1258 2601 1360 2696 quasi
1386 2623 1467 2697 pars
1493 2598 1564 2672 oris
1591 2623 1666 2672 esse
1692 2600 1842 2698 videtur,
1865 2600 2029 2677 dentibus

468 2717 569 2791 nulla
593 2717 729 2790 ratione
754 2716 793 2789 in
818 2741 876 2790 ore
902 2718 1079 2814 dispersis,
1108 2719 1247 2813 magnis
1272 2716 1482 2813 superciliis,
1514 2716 1660 2789 auribus
1687 2717 1816 2813 parvis,
1844 2718 1945 2792 nulla
1957 2718 2029 2792 fere

470 2835 596 2927 fronte,
623 2834 733 2907 nullis
759 2836 927 2931 crinibus,
954 2836 1062 2908 radiis
1088 2835 1352 2908 circumdatum.

514 2951 558 3023 In
596 2952 708 3049 clipeo
741 2953 945 3049 pugnantis.
985 2953 1031 3025 In
1057 2952 1225 3049 amphora
1251 2958 1388 3050 reperto
1413 2951 1452 3023 iu
1478 2949 1595 3023 insula
1621 2950 1726 3048 Melo,
1753 2976 1849 3025 nuno
1874 2953 2027 3027 Athenis

466 3068 662 3143 adservata.
714 3068 842 3166 Couze,
869 3069 1040 3142 Melisohe
1065 3068 1319 3163 Thongefasse,
1346 3068 1418 3140 tab.
1448 3068 1481 3140 3.

517 3188 612 3261 Huic
638 3193 711 3260 toto
737 3194 926 3285 conspectu
951 3187 1067 3260 simile
1092 3193 1145 3260 est
1169 3185 1330 3282 quamvis
1356 3184 1461 3280 longe
1486 3186 1603 3258 miuus
1629 3186 1826 3281 antiquum.

370 3316 413 3384 lb
464 3303 550 3401 Gap.
577 3303 754 3399 Gorgonis
780 3304 868 3399 ling.
894 3327 969 3378 ers.
996 3303 1152 3377 eiusdem
1178 3302 1249 3374 fere
1275 3300 1418 3397 figurae,
1433 3300 1529 3374 deut.
1546 3325 1676 3397 magn,
1695 3300 1794 3374 nullo
1812 3303 1883 3375 fere
1900 3303 2025 3399 fronte,

465 3420 553 3493 crin.
579 3421 694 3493 medio
719 3420 854 3494 divisis.
881 3421 1003 3495 Lineis
1030 3420 1199 3518 scripturn
1224 3419 1263 3491 iu
1289 3442 1398 3516 parvo
1423 3417 1565 3515 speculo
1590 3442 1710 3492 aeneo.

516 3537 687 3632 Gerhard‚
725 3538 956 3612 Etruskische
989 3536 1131 3636 spiegel,
1163 3538 1234 3610 tab.
1262 3538 1347 3609 428.
1376 3538 1408 3610 2.
1436 3536 1527 3610 0011.
1555 3536 1751 3609 Barberini.

369 3665 408 3732 lc
462 3651 678 3726 Nummulus
704 3653 798 3727 inira
824 3654 890 3727 sub
916 3654 1087 3729 Asiaticis
1112 3653 1255 3727 incertis
1283 3655 1304 3726 8
1331 3652 1525 3750 descriptus
1551 3651 1710 3725 addatur.

512 3770 583 3842 His
609 3770 810 3867 proximum
837 3777 910 3842 toto
935 3776 1123 3869 conspectu
1151 3770 1269 3867 potius
1295 3793 1402 3865 quam
1427 3768 1579 3863 siugulis
1605 3768 1777 3866 partibus,
1805 3768 1892 3842 mihi
1906 3770 2023 3844 risum

465 3893 518 3961 est
557 3893 664 3984 caput
701 3886 791 3959 illud
818 3886 995 3983 Gorgonis
1021 3887 1112 3983 quod
1140 3886 1323 3959 invenitur
1345 3886 1385 3958 in
1411 3885 1678 3982 antiquissimis,
1705 3886 1894 3959 rarissimis
1921 3911 2024 3962 num-

464 4002 531 4076 mis
566 4003 650 4075 olim
689 4003 822 4099 Abydo
850 4004 1007 4100 tributis,
1034 4004 1159 4077 deiude
1185 4028 1206 4076 a
1231 4009 1331 4101 patre
1357 4026 1433 4076 meo
1459 4002 1626 4099 (Zeitsch.
1655 4002 1678 4075 1.
1705 4003 1814 4076 Num.
1844 4005 1938 4076 1876
1965 4028 2023 4102 pg.

466 4120 553 4208 237)
589 4117 694 4191 Pario
728 4119 832 4214 datis,
868 4142 956 4215 quos
991 4127 1110 4193 tamen
1143 4127 1285 4218 propter
1320 4119 1450 4214 figuras
1475 4119 1638 4214 quadrati
1664 4119 1790 4215 incusi,
1816 4127 2024 4218 propterque

463 4258 610 4308 recurva
643 4234 805 4332 exempla
839 4237 1011 4333 tenuiora,
1045 4237 1177 4333 Lyciae
1203 4236 1261 4310 vel
1289 4236 1405 4309 ricino
1431 4235 1507 4308 loco
1534 4235 1684 4308 libenter
1709 4236 1910 4309 tribuerem.
1962 4238 2023 4310 In·

463 4374 587 4424 cusum
620 4352 716 4424 enim
761 4352 972 4450 exemplaris
998 4352 1143 4426 alteriue
1169 4376 1342 4425 summam
1367 4376 1446 4425 cum
1472 4352 1604 4449 Lyciis,
1631 4374 1779 4448 quorum
1805 4376 1916 4425 unum
1942 4353 2021 4427 vide

407 4476 410 4481 '
462 4467 555 4565 apud
588 4468 741 4541 Fellows
780 4470 853 4542 tab.
883 4476 916 4543 1.
949 4473 982 4566 l,
1009 4469 1217 4542 affinitatem
1242 4468 1396 4564 exhibet,
1432 4470 1593 4542 incusum
1619 4468 1725 4563 tertii,
1751 4466 1925 4542 linearum
1951 4468 2022 4543 dis·

460 4585 643 4682 positione,
682 4609 756 4658 non
790 4585 930 4682 longius
963 4587 1008 4659 ab
1047 4586 1303 4681 antiquissimis
1342 4585 1540 4658 Phaselidis
1565 4583 1718 4657 nummis
1744 4584 1922 4679 (Mionuet
1946 4587 2019 4660 tab.

462 4702 521 4773 42.
552 4702 587 4797 1)
612 4702 712 4775 abest
737 4709 771 4775 e't
798 4703 903 4799 primi
930 4727 1008 4776 cum
1035 4703 1109 4797 illo,
1143 4703 1237 4799 quod
1275 4704 1445 4777 exhibent
1471 4702 1606 4776 nummi
1631 4726 1653 4775 1
1678 4708 1776 4800 patre
1802 4703 1966 4792 (Zeitsch.
1993 4704 2017 4780 1.

461 4816 568 4891 Num.
589 4818 655 4891 VI.
682 4843 740 4916 pg.
769 4820 828 4893 86.
853 4819 896 4893 de
913 4820 1057 4916 Luynes
1083 4821 1211 4916 Choix,
1229 4820 1301 4893 tab.
1322 4823 1380 4894 12.
1399 4821 1435 4914 1)
1449 4818 1560 4894 Olbae
1573 4818 1806 4916 Pamphyliae
1818 4822 2018 4895 coniectura

349 4982 352 4986 ι
460 4933 649 5031 adsignati,
687 4936 850 5033 componi
888 4944 1013 5033 potest.
1065 4937 1110 5010 In
1143 4961 1185 5009 ea
1222 4944 1340 5010 autem
1379 4936 1521 5032 regione
1556 4937 1586 5008 si
1622 4937 1823 5032 quaerimus
1852 4937 1909 5011 cui
1935 4941 2015 5014 urbi

458 5049 669 5145 adsignandi
707 5051 789 5148 sint,
816 5053 936 5125 statim
963 5053 1005 5125 de
1030 5052 1299 5151 opulentissima
1324 5052 1523 5126 Pisidarum
1550 5052 1647 5148 urbe,
1673 5052 1785 5126 libera
1809 5076 1944 5151 semper
1970 5054 2017 5129 ab

459 5167 555 5239 omui
589 5168 829 5242 dominatione
862 5170 1003 5264 (Strabo
1028 5170 1128 5244 XIII
1155 5195 1212 5269 pg.
1241 5173 1339 5266 570),
1366 5172 1409 5243 de
1435 5170 1536 5267 Selge
1562 5171 1767 5266 cogitamus.
1807 5169 1906 5260 Quae
1932 5171 2016 5245 urbs
