4808 6390
1308 567 1353 639 92

507 776 652 851 0100101
690 775 822 871 (Schol.
861 777 1038 875 Luoophr.
1077 803 1111 852 v.
1141 780 1200 870 l'l)
1239 780 1400 878 reperies.
1441 778 1543 854 Unde
1581 779 1670 853 illud
1707 780 1874 878 petierint
1906 781 2042 876 ignoro.
2082 782 2157 881 Ipsi

504 892 658 966 addunt:
686 890 805 973 οὕτως
828 892 924 983 ἡμῖν
947 886 1063 963 δοκεῖ
1081 903 1167 976 τοῖς
1196 896 1396 982 Τζετζίοις
1419 888 1527 985 ἔχειν
1550 901 1674 964 ταῦτα
1698 893 1747 964 w*
1768 898 2077 990 μυθουργήματα
2096 897 2133 986 ¹).

555 1007 672 1080 Hodie
710 1007 781 1081 fere
815 1032 935 1082 omnes
969 1010 1030 1105 qui
1064 1010 1107 1083 de
1141 1034 1183 1084 ea
1207 1034 1244 1084 re
1270 1010 1487 1109 seripserunt
1511 1009 1579 1082 viri
1605 1010 1710 1107 docti,
1737 1017 1777 1083 ut
1800 1011 2003 1108 nuperrime
2028 1013 2085 1085 vir
2110 1012 2155 1086 ol.

505 1122 643 1220 Brunn,
682 1147 758 1196 eam
796 1124 999 1222 opinionem
1035 1125 1190 1224 amplexi
1230 1135 1325 1223 sunt,
1352 1127 1418 1200 etsi
1444 1149 1546 1199 nemo
1572 1126 1697 1224 opinor
1722 1126 1866 1201 Cassios
1892 1128 1931 1200 in
1959 1129 2155 1204 minoribus

503 1238 609 1311 rebus
634 1245 818 1313 1111111111
842 1247 907 1314 est.

554 1355 670 1452 Caput
694 1355 870 1452 Gorgonis
895 1358 1005 1452 igitur
1028 1356 1164 1431 fulmen
1189 1366 1253 1455 est,
1281 1350 1381 1443 δεινή
1404 1381 1442 1425 τε
1464 1349 1630 1448 σμερδνή
1644 1383 1682 1426 τε
1707 1357 1803 1440 Διὸς
1816 1357 2154 1452 τέρσςαίγιόχοιο.

552 1471 677 1567 Neque
702 1473 882 1547 imbellem
906 1475 1037 1547 feroees
1062 1480 1297 1571 progenerant
1321 1473 1462 1569 aquilae
1488 1474 1698 1568 columbam,
1725 1480 1766 1546 ut
1791 1474 1842 1547 ait
1867 1475 2049 1573 Horatius,
2071 1501 2155 1551 nam

502 1586 712 1685 Chrysaoris
737 1613 866 1662 nomeu
890 1590 954 1662 vix
979 1590 1229 1663 commentario
1255 1589 1390 1683 indiget
1414 1596 1450 1661 et
1476 1589 1644 1686 Pegasus,

500 1704 588 1778 Hea.
615 1705 682 1779 Th.
711 1708 781 1778 285
1228 1707 1355 1791 Ζηνὸς
1379 1698 1469 1776 δ’ἐκ
1492 1697 1647 1794 δώμασι
1671 1704 1772 1775 ναίει

862 1822 1033 1916 βροντήν
1054 1849 1092 1893 τε
1116 1825 1297 1911 στεροπήν
1320 1846 1358 1890 τε
1383 1824 1506 1915 φέρων
1530 1823 1599 1893 Διί
1620 1823 1827 1913 μητιόεντι.

502 1958 565 2007 111
590 1934 691 2029 (Eur.
718 1934 918 2032 Belleroph.
944 1936 1038 2033 apud
1063 1935 1176 2008 Arist.
1203 1934 1307 2008 Paois
1332 1958 1366 2006 v.
1395 1936 1481 2024 122)

901 2049 965 2139 ὑφ’
989 2049 1133 2143 ἅρματ’
1155 2049 1276 2120 ἐλθὼν
1300 2049 1426 2133 Ζηνὸς
1450 2047 1741 2145 ἀστραπηφορεῖ.

552 2160 635 2233 Vox
662 2160 740 2257 ipsa
767 2161 884 2259 Geryo
910 2162 1002 2234 nihil
1027 2161 1124 2235 aliud
1149 2166 1213 2255 est,
1241 2168 1281 2232 11
1306 2159 1440 2256 opinor,
1468 2161 1539 2233 nisi
1564 2161 1714 2258 fulgens.

548 2277 638 2351 Mali
675 2278 802 2351 ominis
839 2278 931 2352 nihil
956 2279 1071 2352 inesse
1097 2302 1137 2351 10
1163 2283 1310 2374 apparet
1336 2276 1428 2372 quod
1455 2300 1585 2350 nomen
1610 2280 1782 2354 muliebre
1805 2278 1875 2351 fuit
1900 2300 1973 2350 non
2007 2275 2152 2348 inusita-

498 2402 586 2466 tum.
612 2393 719 2467 Nune
744 2402 863 2468 autem
889 2396 1006 2490 oogita
1031 2395 1098 2468 tibi
1125 2417 1242 2488 regem
1268 2393 1481 2490 Spartanum
1506 2395 1706 2470 eutalium
1733 2419 1834 2492 quem
1862 2391 2065 2466 mortalium
2090 2390 2151 2486 qui

496 2508 606 2582 filiam
634 2533 734 2583 suam
764 2514 914 2605 Μορμώ
940 2510 1137 2585 vocaverit!

545 2692 599 2765 De
631 2692 743 2766 ultera
776 2694 979 2789 quaestione
1012 2694 1217 2792 plerumque
1254 2696 1292 2767 in
1331 2718 1372 2769 eo
1415 2694 1642 2768 eonsentiunt
1667 2690 1805 2787 antiqui
1829 2689 1922 2786 quod
1947 2687 2158 2762 Genuum

495 2825 677 2881 10111111
702 2826 810 2881 onnus
836 2828 1046 2882 11111111
1071 2830 1265 2884 naumann
1290 2817 1448 2905 narrant,

496 2922 582 2997 Hes.
608 2923 676 2998 Th.
704 2926 776 2997 274
1254 2928 1368 3017 πέρην
1398 2923 1536 2994 κλυτοῦ
1585 2919 1808 3007 Ὠκεανοῖο,

904 3040 1068 3131 ἐσχατιῇ
1091 3040 1186 3127 πρὸς
1210 3039 1362 3121 νυκτός,
1389 3039 1439 3110 ἶν’
1466 3028 1683 3126 Ἑσπερίδες
1707 3032 1928 3129 λιγύφωνοι·

496 3172 646 3245 quocum
672 3152 846 3224 consentit
871 3152 932 3249 qui
960 3152 1091 3250 Cypria
1117 3154 1268 3251 scripsit,
1294 3174 1491 3225 memorans
1518 3149 1598 3242 (frg.
1628 3149 1707 3243 18):

1215 3267 1431 3361 Γοργόνας,
1456 3263 1552 3337 αίνοὲ
1575 3261 1729 3354 naeuos,

874 3383 922 3452 αἳ
944 3376 1184 3477 Σαρπηδὸνα
1207 3393 1338 3455 ναῖον,
1354 3380 1409 3450 ἐπ’
1436 3375 1612 3471 Ὠκεανῷ
1635 3368 1844 3467 βαθυδίνῃ,

872 3507 993 3586 νῆσον
1016 3499 1258 3595 πετρήεσσαν,

495 3637 609 3710 noque
641 3615 792 3688 multum
828 3615 945 3688 differt
981 3615 1073 3711 quod
1098 3614 1277 3687 Homerus
1302 3612 1341 3684 in
1376 3610 1534 3708 Odyssea
1558 3609 1758 3702 Gorgonem
1783 3605 1876 3704 apud
1901 3603 2031 3678 inferos
2056 3603 2148 3677 eolo-

495 3732 627 3804 caverit
651 3732 735 3818 (XI.
764 3733 846 3828 635,
872 3729 953 3804 vide
977 3755 1035 3828 pg.
1063 3733 1125 3820 80)
1158 3736 1220 3803 aut
1253 3729 1431 3803 Pindarus
1460 3727 1503 3799 de
1529 3723 1767 3822 Hyperboreis
1793 3720 1999 3817 cogitaverit
2023 3720 2145 3818 (Pyth.

495 3844 545 3919 X.
572 3848 619 3920 30
645 3848 737 3943 sqq.)
762 3854 797 3920 et
821 3845 1022 3943 Aeschylus
1047 3847 1149 3919 iuxta
1174 3845 1341 3943 Gryphos
1368 3849 1403 3916 et
1428 3843 1635 3938 Arimaspos
1662 3839 1850 3912 oeeinerit:

494 3961 612 4041 Prom.
640 3966 712 4036 793
908 3960 1126 4054 Γοργόνεια
1148 3954 1260 4031 πεδία
1284 3961 1497 4046 Κισθήνης,
1523 3957 1590 4029 ίνα

821 4083 866 4147 αἱ
888 4071 1078 4170 Φορκίδες
1100 4077 1260 4148 ναίουσι
1291 4070 1409 4162 δηναί
1432 4075 1546 4164 κόραι

821 4195 922 4280 τρεῖς
945 4187 1221 4278 κυκνόμορφοι,
1244 4186 1381 4257 κοινὸν
1405 4181 1500 4274 ὄμμ’
1524 4179 1736 4271 ἐκτημέναι,

817 4289 1062 4386 μονόδοντες,
1087 4295 1135 4377 ἃς
1159 4295 1256 4366 οὔθ’
1280 4293 1415 4382 ἣλιος
1439 4285 1798 4384 προσδέρκεται

818 4403 977 4479 ἀκτῖσιν
999 4407 1091 4477 οὔθ’
1115 4406 1136 4490 ἡ
1161 4404 1339 4497 νύκτερος
1363 4405 1489 4495 μήνη
1513 4402 1612 4471 ποτέ·

527 4549 550 4620 ¹)
568 4544 631 4605 Iam
658 4551 751 4604 tamen
781 4544 905 4623 Quintus
934 4546 1104 4623 Smyrnaeus
1133 4543 1181 4603 vix
1209 4543 1290 4602 aliter
1319 4540 1464 4612 sentiebat,
1499 4538 1626 4617 aegidem
1644 4535 1720 4597 enim
1738 4535 1881 4596 blinervae
1899 4533 2054 4593 Homerum
2073 4531 2139 4592 1111-

483 4642 564 4697 tatus
583 4637 672 4698 uenit:

488 4729 558 4788 XIV
577 4734 633 4789 4⁵4
870 4731 902 4796 ἐν
923 4741 982 4811 γάρ
1005 4739 1032 4796 el
1052 4738 1201 4802 πεπόνητο
1224 4745 1296 4807 ειμι
1318 4735 1475 4807 βλοσυροῖο
1496 4732 1650 4798 Maloitas

868 4830 1061 4903 σμερίκλίον·
1082 4832 1215 4902 sparteo}
1236 4829 1269 4889 ll
1288 4832 1339 4887 sal
1359 4827 1514 4893 ἄειόιιοτοε
1537 4827 1650 4898 nupta
1671 4825 1755 4896 ίγμῆν

868 4925 978 4997 λάβρον
1000 4918 1210 4991 ιἰτοτνείοετες
1231 4923 1301 4982 ἔστιν
1324 4923 1481 4994 salamis
1500 4921 1668 4993 δράκοντες·

868 5016 1015 5089 ίβρειχε
1036 5015 1062 5075 δ’
1079 5016 1161 5090 alpia
1183 5009 1295 5076 ἅπασα
1316 5017 1378 5088 περὶ
1400 5016 1556 5078 στήθεσσιν
1577 5012 1707 5077 budaeus

871 5105 928 5168 οῐιυ
948 5109 1000 5167 ἴτε
1021 5115 1248 5182 στεροπῇσιι
1270 5107 1473 5181 lucemus
1494 5106 1626 5171 ἄσπετος
1648 5102 1737 5174 altas·
