4808 6390
1173 644 1217 716 31

368 759 414 819 nr

519 857 551 930 E
577 856 754 953 capitibus
780 855 854 929 illis
878 856 1062 953 antiquius
1087 879 1163 930 esse
1188 857 1328 930 ridetur

370 976 416 1044 81
467 977 556 1074 Cap.
583 975 770 1070 Gorgonis,
797 975 884 1071 ling.
912 975 1023 1071 magis
1049 999 1071 1047 1
1095 974 1241 1049 sinistra
1265 982 1365 1072 parte
1387 981 1539 1059 exserta,
1563 975 1731 1069 acutiore,
1756 975 1847 1048 rictu
1865 974 2027 1070 11011011,

469 1092 563 1166 dont.
598 1115 710 1188 paru,
747 1100 865 1164 mento
895 1092 979 1188 div,
1016 1091 1116 1187 genis
1149 1092 1284 1165 extima
1317 1096 1417 1189 parte
1449 1092 1678 1190 acutioribus,
1712 1092 1907 1186 naso-lato,
1934 1092 2026 1166 ocul.

469 1233 579 1307 paru,
619 1233 752 1307 supere.
793 1232 925 1305 magn,
951 1233 1026 1285 aur.
1053 1209 1125 1283 alte
1150 1208 1273 1308 positis
1297 1232 1409 1307 parv,
1434 1209 1528 1282 infra
1553 1210 1593 1283 II
1619 1210 1797 1306 anguibus
1823 1211 1962 1285 retortis
1988 1219 2025 1284 et

469 1325 509 1399 Π
547 1325 725 1420 anguibus
763 1326 996 1424 Aegyptiacis
1030 1326 1136 1400 alatis
1170 1325 1267 1399 disco
1292 1333 1328 1399 et
1352 1333 1528 1400 crescente
1552 1328 1739 1422 coronatis,
1765 1352 1915 1424 quarum
1941 1351 2025 1426 pars

470 1442 642 1541 posterior
666 1444 712 1517 ab
736 1443 872 1518 artifice
897 1445 1027 1517 omissa
1052 1450 1118 1518 est.

520 1561 566 1634 In
592 1567 689 1634 reste
714 1562 759 1634 ab
791 1561 980 1658 Aegyptiis
1003 1559 1135 1635 1111111
1160 1561 1265 1654 dieta,
1289 1560 1329 1633 in
1352 1565 1470 1633 statua
1495 1568 1622 1634 ornatu
1647 1561 1880 1658 Aegyptiam,
1894 1586 1913 1636 e
1927 1560 2025 1636 calce

470 1678 574 1773 facta,
601 1677 727 1773 Golgis
751 1685 899 1774 reperta,
926 1677 965 1751 in
993 1678 1083 1753 Mus.
1109 1677 1260 1751 Eboraci
1285 1676 1380 1752 novi.
1405 1676 1447 1752 L.
1473 1672 1600 1751 Palma
1625 1678 1662 1750 di
1688 1677 1849 1775 Ccsnola,
1875 1679 1964 1754 Ant.
1991 1680 2032 1754 of

471 1795 610 1893 Cyprus
637 1795 708 1870 tab.
738 1797 797 1868 12.

521 1910 611 1986 Cum
637 1911 705 1984 hoc
730 1912 927 1985 necessario
953 1911 1136 2009 iungendi,
1161 1911 1323 2009 quamvis
1349 1911 1467 1985 seculo
1492 1918 1585 1985 certe
1612 1911 1729 1985 minus
1754 1910 1906 2008 antiqui,
1921 1936 2025 1986 num·

471 2029 560 2102 muli
585 2029 670 2102 editi
695 2054 717 2103 a
742 2030 818 2103 viro
844 2031 935 2104 doct.
960 2029 1261 2103 Irnhool-Blumer
1285 2030 1398 2117 (Mon.
1424 2027 1488 2103 Gr.
1516 2054 1574 2127 pg.
1601 2030 1686 2102 466.
1703 2032 1866 2124 39-41)
1879 2055 2028 2127 quorum

471 2148 569 2242 origo
594 2171 667 2221 non
693 2156 843 2245 constat,
869 2148 933 2244 qui
958 2147 1045 2221 mihi
1070 2149 1217 2222 Ciliciae
1241 2146 1457 2221 attribuendi
1484 2147 1651 2221 videntur
1677 2147 1718 2243 ¹).

472 2264 489 2334 1
520 2262 604 2361 Cap.
635 2262 825 2360 Gorgonis,
859 2263 973 2337 forma
1005 2262 1077 2337 fere
1103 2271 1200 2360 uta,
1226 2262 1314 2358 ling.
1341 2286 1428 2357 exa,
1454 2261 1546 2336 rictu
1571 2262 1677 2360 paulo
1701 2256 1827 2337 altiore
1851 2271 1887 2337 et
1910 2288 2029 2338 recur-

473 2379 580 2476 viore,
614 2379 710 2452 dent.
745 2404 846 2477 pauc.
881 2404 992 2478 para,
1027 2381 1127 2476 genis
1160 2380 1279 2453 minus
1304 2379 1429 2474 acutis,
1455 2379 1546 2454 ocul.
1572 2403 1685 2477 para,
1713 2379 1801 2454 crin.
1828 2380 1918 2454 med.
1941 2380 2028 2476 div,

472 2496 609 2569 alatum
646 2496 783 2570 duabus
817 2498 884 2571 alis
908 2523 927 2571 e
954 2497 1068 2572 fronte
1092 2498 1338 2596 pendentibus,
1366 2497 1458 2571 infra
1484 2496 1641 2571 11111.
1668 2497 1713 2569 ad
1738 2496 1784 2593 d.‚
1810 2517 1919 2595 supra
1944 2499 2031 2570 ala?

472 2612 502 2707 )(
526 2610 646 2708 Gorgo
684 2638 808 2687 aversa
844 2615 879 2688 d.
918 2639 1063 2689 currens
1102 2622 1199 2689 veste
1236 2615 1355 2712 longa,
1397 2613 1465 2688 alis
1501 2613 1688 2712 paululum
1720 2610 1888 2700 recurvis,
1915 2614 2031 2712 capite

474 2728 634 2826 adverso,
661 2729 749 2827 ling.
776 2756 863 2827 exa,
888 2734 1092 2829 anguibus?
1117 2733 1296 2824 circumc,
1311 2732 1350 2805 in
1364 2756 1423 2828 qu.
1437 2731 1506 2805 inc.
1520 2732 1658 2807 lineari.
1688 2731 1778 2805 Vide
1791 2756 1848 2830 pg.
1867 2732 1915 2806 13
1928 2733 1975 2807 N.
1992 2735 2026 2807 3.

474 2853 515 2920 n
544 2847 602 2920 10.
631 2849 713 2921 125
739 2848 935 2945 perforatus
962 2850 1133 2924 Dresdeni
1159 2850 1184 2923 l.
1212 2850 1235 2922 l.
1263 2852 1308 2922 41
1338 2849 1410 2921 tab.
1436 2849 1473 2922 J.
1503 2849 1562 2922 23.

475 2964 496 3035 2
523 2961 610 3059 (lap.
637 2961 814 3058 Gorgonis
837 2965 956 3039 miuus
981 2967 1181 3064 antiquum,
1206 2966 1294 3061 ling.
1321 2988 1407 3060 exa,
1442 2964 1533 3036 rictu
1572 2964 1740 3050 breviore,
1768 2964 1858 3038 ocul.
1886 2960 2028 3038 maiori·

474 3079 552 3175 bus,
577 3077 645 3152 alis
670 3087 710 3153 ut
735 3088 770 3154 b.

474 3196 503 3289 )(
527 3195 691 3293 Harpyia
715 3197 749 3271 d.
776 3198 832 3271 IV
857 3198 935 3294 alis,
962 3199 1083 3296 inqu.
1110 3200 1179 3274 inc.

476 3320 516 3386 111
555 3316 613 3388 15.
641 3315 724 3388 art
751 3315 839 3388 0011.
868 3316 1028 3415 Imhoof3
1055 3320 1140 3392 3.90
1167 3316 1257 3391 (loll.
1283 3316 1326 3389 de
1351 3315 1513 3412 Luynes3
1540 3314 1685 3388 8771.
1713 3314 2028 3412 Prokeseh-Osten,

476 3429 616 3503 Inedita
644 3433 739 3505 1854
766 3434 837 3506 tab.
865 3437 899 3507 4.
929 3436 950 3506 7
978 3442 1064 3522 (non
1090 3435 1204 3529 bene).

376 3541 432 3632 8st
477 3546 565 3643 Cap.
605 3546 793 3644 Gorgonis,
831 3550 921 3646 ling.
961 3575 1048 3648 exa,
1086 3552 1177 3625 rictu
1203 3572 1360 3644 recurvo,
1386 3547 1481 3622 dent.
1509 3572 1573 3622 suo
1598 3548 1675 3621 1000
1701 3571 1832 3645 magn,
1858 3572 1945 3622 naso
1971 3550 2035 3622 tri·

476 3664 614 3759 partito,
641 3688 716 3738 aur.
742 3690 863 3763 magn.
889 3669 1018 3765 oinct,
1043 3669 1103 3742 XI
1128 3692 1210 3764 ang.
1236 3665 1404 3740 circumd.
1420 3688 1570 3761 quorum
1586 3663 1643 3737 IV
1660 3664 1841 3738 inferiores
1855 3663 2032 3761 longiores

477 3787 562 3854 sunt
595 3789 630 3854 et
665 3784 804 3878 quidem
839 3787 1028 3860 exteriores
1061 3786 1101 3860 Π
1134 3785 1268 3878 retorti,
1303 3781 1407 3857 alteri
1440 3783 1479 3856 II
1516 3782 1615 3878 alati,
1640 3781 1737 3856 disco
1762 3783 1933 3867 coronati,
1959 3783 2032 3856 fere

476 3900 580 3972 utin
606 3903 663 3974 aa.

527 4013 571 4087 In
612 4021 708 4087 veste
732 4013 862 4086 rubenti
887 4012 992 4107 dicta,
1019 4012 1059 4084 in
1085 4012 1282 4108 fragmento
1308 4021 1447 4088 statuae
1471 4013 1635 4111 Cypriae,
1667 4015 2035 4114 Aegyptiace-Cyprio

476 4139 603 4206 ornatu
629 4132 939 4218 (Ornamentorum
966 4153 1057 4225 quae
1082 4155 1104 4203 1
1129 4129 1274 4226 cingulo
1298 4133 1344 4206 ad
1371 4139 1492 4230 pectus
1516 4131 1738 4207 deducuntur
1756 4141 1853 4208 certa
1889 4158 2028 4232 quoque

418 4448 438 4518 ¹)
458 4443 520 4502 Iam
549 4450 614 4503 aute
644 4462 729 4521 quam
748 4461 896 4502 nummum
915 4443 934 4500 l.
955 4443 974 4501 l.
995 4443 1048 4501 sub
1068 4445 1105 4500 48
1126 4448 1314 4502 memoratum
1333 4461 1492 4519 cognoram,
1512 4442 1582 4501 illud
1603 4448 1716 4521 propter
1735 4443 1803 4502 artis
1822 4443 2036 4505 similitudinem

378 4555 444 4595 cum
474 4536 597 4596 nummis
617 4557 689 4616 quos
708 4536 824 4596 Imhoof
839 4536 957 4611 (Mallus
977 4540 1029 4594 etc.
1049 4535 1191 4594 Annuaire
1211 4535 1240 4595 d.
1263 4534 1352 4595 Num.
1379 4538 1454 4596 1883
1474 4536 1530 4595 tub.
1553 4540 1582 4612 ὅ)
1601 4537 1690 4595 edidit
1708 4555 1871 4614 persuasum
1889 4538 2038 4610 habebam,

378 4635 443 4710 post
468 4650 554 4708 quam
583 4632 631 4690 ille
656 4631 727 4690 mihi
752 4636 882 4709 ectypum
911 4630 996 4700 misit,
1027 4630 1105 4689 nulla
1134 4635 1258 4709 superest
1287 4630 1435 4691 dubitatio.
1474 4631 1549 4690 Nam
1569 4635 1605 4688 89
1625 4637 1653 4690 11
1673 4634 1710 4689 40
1730 4631 1789 4690 aine
1808 4632 1894 4692 dubio
1913 4653 1977 4694 aum
1997 4638 2036 4693 48

378 4726 514 4802 iungendi
532 4732 604 4796 sunt,
625 4729 710 4785 1142
730 4731 824 4784 tamen
842 4727 1003 4801 Gorgonem
1023 4725 1130 4783 nullam
1155 4723 1268 4784 exhibet
1287 4724 1337 4783 sed
1356 4725 1473 4800 figuram
1494 4724 1640 4784 manifeste
1660 4724 1778 4796 virilem,
1798 4725 1911 4797 nudam,
1932 4729 2037 4788 umeris

379 4819 554 4897 pedibusque
580 4820 670 4890 alatis,
690 4839 723 4890 1.,
742 4825 908 4889 currentem,
928 4837 1040 4897 prorsus
1060 4818 1180 4877 similem
1199 4818 1250 4889 illi,
1279 4837 1351 4896 quae
1370 4818 1459 4877 Mallo
1478 4818 1613 4877 tribuitur
1631 4819 1651 4878 l.
1670 4819 1690 4877 l.
1712 4823 1738 4880 5.
1760 4822 1787 4878 l.
1816 4819 1846 4879 Si
1864 4820 1935 4880 mihi
1953 4822 2039 4900 quis·

379 4911 456 4991 piam
485 4914 603 4972 fortuma
632 4914 855 4973 obieceritrecte
875 4917 912 4970 42
933 4912 1008 4991 quod
1028 4911 1194 4990 adpondus
1214 4916 1305 4988 (3.-)
1325 4912 2040 4992 011111Ιί1(11.80-60)111111111,1111111111

381 5009 417 5066 89
438 5008 608 5083 (aec-71)
634 5014 662 5067 et
686 5010 723 5066 40
749 5011 850 5084 (nal),
881 5006 1038 5067 meminerit
1062 5007 1147 5065 velim
1176 5026 1227 5065 nos
1246 5007 1413 5066 adhaesere
1433 5007 1558 5067 nonnisi
1577 5013 1693 5068 11111111
1712 5009 1892 5068 Mellotarum
1911 5010 2040 5087 cognitos

380 5103 491 5176 babere,
511 5103 622 5163 stateris
641 5111 733 5163 autem
754 5104 774 5164 l.
794 5105 813 5162 1.
834 5105 886 5162 sub
910 5105 1002 5162 5-18
1023 5101 1168 5163 memorati
1188 5104 1376 5178 (llic-23)
1395 5104 1508 5163 tertium
1527 5108 1634 5182 partem
1654 5105 1823 5180 (8.90-74)
1847 5124 2038 5183 prorsuscum

380 5196 501 5274 pondere
521 5204 617 5258 nostro
636 5198 791 5258 convenire.
