4808 6390
1033 630 1079 701 77

222 750 299 808 v111

320 848 369 922 Ε
394 860 729 918 rannosmrauonva
763 843 896 917 circum
929 853 1036 942 eaput
1067 844 1242 918 radiatum
1267 842 1353 916 Diri
1378 841 1534 938 Augusti
1560 843 1590 938 )(
1615 866 1664 917 cu
1681 880 1686 891 ·
1703 844 1879 919 Domitius

324 961 509 1037 saeculus
534 959 842 1056 (nrurroaius
872 961 997 1034 uvrai.
1036 961 1130 1034 Mus.
1172 960 1262 1033 Brit.
1302 957 1379 1032 Gat.
1421 982 1477 1056 pg.
1518 961 1589 1031 125
1636 960 1682 1032 N.
1722 963 1781 1056 45,
1819 966 1880 1038 46.

371 1080 421 1153 Hi
462 1078 572 1152 IIviri
619 1083 806 1151 recurrunt
844 1077 882 1149 in
921 1077 992 1150 alio
1031 1100 1176 1150 nummo
1201 1076 1302 1149 ouius
1328 1076 1476 1148 obversa
1501 1099 1582 1172 pars
1608 1075 1779 1174 inscripta
1803 1087 1879 1153 est:

323 1209 488 1264 usim
504 1222 510 1236 ·
527 1207 729 1262 saocos-
744 1208 789 1258 o·
806 1206 843 1264 0.
884 1192 974 1267 Cum
1000 1199 1118 1267 autem
1144 1192 1182 1265 hi
1208 1198 1286 1290 post
1312 1197 1458 1264 mortem
1484 1192 1652 1288 Augusti,
1674 1193 1806 1267 fuerint
1818 1195 1879 1269 ille

321 1312 421 1387 nullo
446 1309 550 1384 modo
575 1310 617 1383 L.
644 1309 780 1384 Sestius
806 1312 977 1401 Quirinus
1004 1312 1128 1385 consul
1143 1312 1312 1385 suffectus
1323 1308 1411 1383 anni
1426 1311 1473 1381 23
1487 1333 1519 1381 a.
1533 1310 1598 1383 Ob.
1608 1335 1645 1382 n.
1660 1335 1735 1385 esse
1751 1320 1877 1410 potest;

320 1429 436 1528 potius
452 1425 678 1522 cogitandum
702 1427 842 1501 videtur
862 1430 904 1501 de
926 1428 1103 1502 Sexteidio
1126 1427 1308 1502 Catullino
1334 1450 1403 1500 eos.
1432 1425 1499 1499 sui.
1527 1427 1613 1498 anni
1629 1431 1672 1499 31
1695 1453 1727 1526 p.
1741 1429 1825 1504 Ghr.
1841 1455 1880 1503 n.

370 1544 504 1619 Eadem
538 1543 689 1639 denique
722 1544 837 1640 figura
869 1547 1018 1618 recurrit
1052 1547 1090 1619 in
1125 1545 1280 1643 plumbis
1306 1542 1461 1617 Athenis
1487 1544 1644 1640 repertis.
1673 1546 1768 1618 Mon.
1795 1547 1878 1620 dell'

321 1665 412 1737 Inst.
440 1660 539 1734 VIII
565 1661 636 1732 tab.
665 1663 723 1733 11.
753 1664 811 1757 76,
840 1663 888 1735 80
913 1670 949 1735 11
976 1666 1034 1736 52.
1064 1665 1148 1735 756.

370 1778 460 1852 Ourn
502 1784 622 1849 tamen
661 1777 810 1872 antiqua
848 1778 1011 1851 materias
1051 1786 1125 1852 tam
1162 1801 1268 1875 parea
1302 1776 1359 1872 sit,
1395 1799 1519 1873 operas
1556 1777 1706 1874 pretinm
1739 1780 1878 1854 ridetur

320 1916 524 1988 memorare,
550 1892 657 1965 etiam
683 1892 713 1964 si
739 1916 850 1988 parva
875 1893 959 1966 fides
985 1901 1039 1967 est
1063 1891 1207 1966 tabulae
1233 1890 1361 1985 editae,

222 2016 231 2037 ⁶
318 2011 404 2108 Gap.
444 2016 494 2102 (61
518 2007 685 2097 collumi)
722 2009 898 2105 Gorgonis
933 2011 1025 2084 riotu
1051 2034 1172 2108 parve,
1199 2010 1237 2082 in
1265 2009 1379 2083 media
1405 2008 1579 2103 triquetra
1605 2009 1742 2083 duabus
1766 2014 1877 2086 aruri-

323 2131 389 2203 bus
414 2127 560 2222 dextris,
588 2127 692 2200 tertio
718 2127 872 2201 sinistro.
899 2130 1013 2219 (Haeo
1036 2127 1218 2226 dIspositio
1244 2127 1351 2200 semel
1375 2127 1575 2223 iterumque
1588 2127 1676 2199 alias
1696 2131 1872 2225 occurrit).

371 2244 415 2316 In
441 2244 516 2317 basi
544 2268 615 2340 rep.
643 2242 798 2317 Melitae.
826 2245 1068 2344 Haverkamp,
1095 2246 1249 2319 Paratae
1262 2243 1330 2316 Sia.
1352 2243 1461 2316 Num.
1478 2243 1549 2317 tab.
1578 2246 1644 2316 141
1663 2247 1875 2336 (exAbola).

370 2362 401 2434 E
427 2360 565 2434 Punica
591 2384 729 2456 quoque
755 2368 860 2456 terra,
886 2362 1086 2457 etquidem
1112 2387 1156 2435 ex
1182 2361 1307 2436 Africa
1331 2361 1420 2458 ipsa,
1448 2367 1501 2432 est

322 2477 408 2575 Gap.
445 2476 622 2572 Gorgonis
647 2500 705 2550 ore
731 2468 863 2571 clauso,
890 2502 976 2552 naso
1002 2502 1141 2574 magne,
1170 2479 1259 2552 ocul.
1287 2501 1405 2572 magn.
1434 2477 1576 2573 oblong.
1603 2479 1691 2552 crin.
1718 2479 1875 2555 horrent.

320 2597 359 2668 in
395 2594 511 2667 media
543 2594 716 2689 triquetra
750 2617 843 2668 arur.
877 2603 957 2669 sin..
1005 2596 1119 2694 Supra
1154 2604 1296 2669 taurum
1335 2620 1364 2668 s.
1393 2595 1432 2668 in
1459 2596 1582 2669 tabula
1608 2598 1728 2672 votiva
1754 2599 1877 2696 fracta,

322 2712 422 2785 auius
465 2734 629 2808 suprema
666 2734 747 2807 pars
787 2710 871 2784 olim
909 2713 1098 2808 imaginem
1126 2710 1284 2785 mulieris
1309 2718 1372 2784 aut
1396 2711 1481 2784 deae
1505 2712 1704 2811 exhibebat,
1730 2715 1880 2816 inserip-

319 2829 416 2902 tione
441 2829 589 2901 Punica.
615 2828 704 2925 Rep.
732 2828 770 2900 in
796 2829 978 2926 provincia
1005 2830 1210 2923 Zeugitana.
1238 2828 1331 2902 Mus.
1359 2829 1536 2923 Lugdun..
1576 2831 1767 2927 Hamaker,
1793 2834 1880 2907 Mis·

321 2945 477 3019 cellanea
503 2945 702 3018 Phoenices
727 2947 800 3019 tab.
829 2949 864 3019 2.
894 2950 925 3020 1.

362 3063 453 3138 Gum
491 3063 558 3136 hoo
592 3063 664 3137 fere
688 3063 733 3136 ad
759 3066 929 3138 amussim
962 3071 1166 3160 congruunt
1199 3064 1341 3138 Eburae
1367 3064 1565 3155 (Strabonis
1591 3073 1626 3136 et
1651 3065 1776 3155 Plinii)
1803 3069 1877 3142 sive

320 3182 458 3255 Eborae
485 3181 614 3271 (Malae
639 3188 674 3255 61
700 3182 908 3266 Ptolemaei)
935 3183 1032 3256 urbis
1058 3182 1297 3255 Turdulorum
1323 3181 1470 3272 nummi,
1500 3181 1561 3277 qui
1588 3207 1632 3254 ex
1655 3183 1768 3280 primo
1795 3193 1878 3259 ante

319 3296 503 3372 Christum
529 3298 647 3371 seculo
672 3323 747 3372 essa
773 3299 962 3373 videntur:

323 3415 342 3486 1
370 3413 487 3513 Caput
511 3414 545 3487 d.
572 3415 759 3489 barbatum
784 3415 974 3511 galeatum,
1002 3439 1120 3489 ramus
1146 3415 1250 3512 lauri,
1277 3415 1410 3487 airaum
1435 3415 1577 3489 monile.

321 3534 350 3623 )(
375 3531 461 3628 Gap.
491 3532 669 3627 Gorgonis
696 3556 813 3627 magn.
842 3557 901 3605 ore
926 3532 1057 3627 clauso,
1084 3556 1172 3605 naso
1198 3554 1326 3627 magno
1352 3537 1458 3625 recto,
1473 3531 1565 3604 ocul.
1585 3556 1702 3628 magn.
1721 3532 1875 3630 oblong.,

321 3647 360 3718 in
385 3647 558 3744 triquetra
584 3673 692 3740 parva
716 3649 877 3721 eruribus
903 3649 1037 3722 dextris
1064 3650 1130 3722 sub
1156 3649 1284 3744 quibus
1311 3648 1453 3744 monile,
1480 3649 1609 3723 litteris
1635 3647 1874 3726 Celtiberiais:

320 3762 465 3859 Iburi-r,
492 3766 625 3837 circum
650 3764 794 3838 monde.

321 3878 368 3952 AE
395 3883 554 3953 30-29.
587 3883 695 3954 1470
715 3882 842 3973 (2150
860 3879 951 3953 (toll.
973 3879 1051 3971 six)
1065 3881 1184 3976 Heiss,
1199 3881 1296 3955 Mon.
1311 3882 1354 3954 de
1374 3881 1566 3977 I’Espagne
1580 3882 1653 3955 tab.
1670 3885 1728 3957 47.
1745 3885 1778 3977 3,
1793 3886 1827 3979 4,
1844 3887 1877 3958 5.

321 3999 343 4069 2
369 3996 467 4070 Idem
493 4002 520 4086 )(
546 3997 631 4096 Cap.
658 3999 835 4093 Gorgonis
861 3997 933 4070 fere
959 3998 1062 4092 idem,
1090 3998 1202 4071 oculis
1228 3997 1400 4094 rotundis,
1416 3998 1454 4070 in
1472 4000 1643 4094 triquetra
1656 4024 1766 4098 parva
1780 4023 1873 4074 arur.

320 4113 367 4209 d,
395 4129 746 4199 (emouer‘rworum.

318 4231 367 4304 AE
394 4232 451 4303 35.
481 4233 591 4305 56113
617 4232 736 4306 Η1166.
760 4232 783 4305 I.
811 4233 835 4305 l.
862 4235 935 4306 tab.
963 4236 1022 4307 47.
1055 4237 1109 4306 10.
