4898 6420
1215 842 1260 913 97

455 1052 501 1123 In
538 1051 829 1149 inscriptionibus
867 1055 1020 1151 quidem,
1046 1056 1084 1126 ni
1110 1054 1217 1128 fallor
1241 1054 1383 1128 infimae
1409 1054 1547 1149 aetatis,
1574 1054 1665 1127 Besa
1692 1059 1837 1126 vocatur
1862 1051 1924 1126 neb
1951 1052 2064 1126 Pan-t

404 1167 428 1240 i.
455 1189 485 1240 e.
520 1166 683 1241 dominus
719 1170 872 1264 regionis
911 1171 1006 1266 Pan,
1045 1194 1093 1244 an
1127 1194 1210 1244 vero
1236 1170 1318 1244 inde
1344 1170 1419 1244 eius
1444 1168 1542 1263 origo
1568 1168 1799 1242 demonstrari
1837 1169 1971 1262 debeat,
1999 1167 2060 1241 alii

406 1284 560 1358 videant.
587 1285 685 1375 Quae
710 1286 767 1359 vir
791 1287 881 1362 doct.
909 1286 1047 1385 Plepte,
1073 1287 1099 1363 1.
1126 1287 1164 1382 l.,
1192 1288 1235 1361 de
1261 1286 1450 1383 Pygmaeis
1475 1293 1510 1358 et
1536 1284 1663 1358 crassis
1689 1286 1896 1359 mulieribus
1911 1285 2063 1359 contulit

404 1425 558 1474 menon
584 1402 812 1478 convincunt.

453 1517 502 1613 Si,
529 1525 570 1591 ut
595 1519 745 1616 Lepsius
771 1520 994 1615 (Einleitung
1020 1545 1083 1594 zur
1109 1519 1316 1595 Nubischen
1342 1519 1481 1615 Gram.)
1505 1519 1631 1616 voluit,
1658 1520 1766 1593 Puau
1792 1544 1879 1614 gens
1905 1519 1949 1592 ad
1963 1542 2058 1592 mare

402 1633 639 1730 Erythraeum
664 1640 700 1707 et
724 1635 919 1710 Phoenices
944 1637 1083 1728 (Poeni)
1111 1636 1253 1732 fuerint,
1280 1660 1429 1732 quorum
1454 1636 1542 1710 fines
1567 1635 1691 1710 Conon
1717 1637 1824 1734 (apud
1850 1635 1955 1710 Phot.
1978 1637 2054 1709 cod.

402 1749 645 1824 CLXXXVI.
673 1774 702 1824 o.
732 1755 793 1845 51)
831 1753 1003 1847 definiret,
1043 1752 1145 1826 facile
1179 1752 1268 1826 foret
1305 1752 1477 1850 quaedam
1516 1776 1703 1847 congerere
1739 1753 1781 1826 de
1819 1753 1968 1826 Derceto
1994 1759 2058 1826 aut
2147 1771 2150 1776 ’

403 1865 499 1960 ceto,
537 1866 664 1963 Ioppes
689 1868 764 1963 dea,
805 1877 840 1942 et
866 1869 952 1943 Ceto
978 1869 1183 1964 Gorgonum
1211 1876 1332 1964 matre,
1358 1868 1402 1943 de
1428 1869 1577 1967 Cepheo,
1606 1869 1810 1967 Cephenum
1836 1893 1917 1964 rege
1944 1867 2057 1964 (Kese

400 1984 590 2081 Aegyptiis
627 1984 843 2060 Phoenicum
883 2011 1011 2060 nomen
1049 1990 1116 2073 est)
1143 1993 1178 2060 et
1216 1986 1356 2084 Cepheo
1390 1985 1544 2081 Tegeata
1571 1985 1666 2076 (vide
1690 2011 1748 2083 pg.
1776 1987 1851 2082 93),
1878 2010 1968 2080 quae
1993 2009 2057 2058 nos

400 2101 456 2172 vel
497 2101 541 2174 ad
581 2102 783 2200 Hierapolis
821 2105 1037 2202 Apollinem,
1081 2105 1293 2201 summisque
1339 2101 1383 2176 ab
1424 2104 1555 2176 umwis
1588 2127 1799 2200 porponeum
1832 2104 2057 2175 calcarentum

400 2218 600 2290 redimitum
627 2220 804 2316 unpuibus
828 2222 999 2313 (Macrob.
1027 2221 1100 2295 Sat.
1128 2220 1159 2292 Ι.
1189 2223 1247 2294 ΙἹ.
1277 2223 1337 2310 6Ἱ)
1364 2220 1576 2293 deducerent
1598 2220 1657 2293 sed
1671 2244 1784 2316 neque
1799 2220 1837 2291 in
1851 2220 2059 2292 Philistaeo·

400 2357 476 2405 rum
501 2338 527 2424 1)
553 2335 772 2431 mythologie
798 2339 919 2433 Besae,
947 2361 1059 2432 neque
1084 2335 1178 2433 apud
1205 2336 1399 2410 Phoenices
1425 2335 1605 2430 Gorgonis
1632 2336 1749 2409 volam
1775 2358 1839 2408 nec
1865 2334 2053 2429 vestigium

400 2475 547 2548 reppem.

447 2567 594 2664 Deinde,
633 2572 726 2666 quod
767 2571 829 2643 vix
868 2571 1014 2643 minoris
1053 2572 1221 2644 momenti
1247 2576 1311 2665 est,
1338 2569 1444 2642 unica
1469 2569 1583 2663 figura
1609 2567 1723 2641 virilis
1749 2593 1838 2664 quac
1864 2570 1956 2640 Besa
1983 2592 2054 2641 uon

398 2693 462 2778 est,
501 2685 614 2783 capite
652 2710 724 2759 non
764 2711 785 2759 a
823 2686 999 2779 Gorgonis
1037 2686 1151 2783 capite
1189 2686 1439 2781 distinguendo
1473 2684 1641 2782 praedita,
1669 2685 1707 2756 in
1737 2686 1879 2758 Etruria
1904 2693 2051 2782 reperta,

397 2800 457 2873 ΙΙΙ
487 2804 541 2895 ld,
584 2828 642 2900 pg.
681 2805 775 2896 9(o.
810 2802 994 2898 addendis)
1028 2811 1208 2900 aspectum
1242 2801 1350 2875 habet
1375 2801 1519 2874 omnino
1544 2801 1756 2894 Asiaticum,
1784 2810 1820 2873 et
1845 2801 2050 2895 Gorgonum

397 2918 635 3013 antiquiorum
663 2927 795 2993 vestem
833 2943 905 2992 non
940 2921 1076 3018 repperi
1103 2919 1175 2992 nisi
1201 2921 1239 2991 in
1266 2919 1429 2992 Hettaeis
1454 2918 1695 2991 monumentis
1720 2918 1869 3013 (Percot,
1896 2917 1990 2990 Gall.
2016 2925 2052 2991 et

397 3032 493 3106 Bith.
533 3035 665 3131 passim
705 3035 764 3108 sed
811 3035 1015 3133 praesertim
1054 3035 1091 3109 in
1133 3036 1256 3132 figuris
1292 3059 1351 3133 pg.
1379 3036 1425 3107 79
1464 3035 1691 3127 memoratis),
1719 3033 1852 3106 deinde.
1869 3033 2051 3128 Gorgones

395 3173 504 3244 aeque
529 3175 569 3223 aa
595 3152 744 3225 Perseus
769 3151 841 3225 fere
867 3175 1003 3248 semper
1019 3152 1153 3246 caligas
1166 3151 1300 3225 habent
1313 3151 1406 3248 quod
1420 3151 1583 3223 Hettaeis
1602 3173 1742 3246 quoque
1754 3150 1929 3246 peculiare
1942 3160 1995 3222 est
2009 3155 2050 3241 2).

444 3266 588 3340 Hettaei
614 3269 767 3364 quidem,
794 3269 986 3343 seeundum
1013 3294 1136 3366 regum
1162 3270 1343 3368 Lydorum
1360 3268 1546 3342 historiam
1560 3267 1856 3361 antiquissimam,
1875 3309 1918 3318 -
1939 3290 2051 3361 neque

393 3386 573 3483 Aegyptia
598 3395 827 3460 monumenta
853 3395 915 3460 aut
944 3388 1053 3462 biblia
1079 3412 1178 3462 sacra
1204 3394 1405 3485 repugnant
1431 3428 1477 3440 -
1503 3385 1637 3480 aliquid
1663 3407 1743 3457 cum
1770 3384 1895 3481 Ioppes
1925 3384 2050 3457 incolis

394 3523 578 3574 commune
615 3501 744 3576 habere
778 3504 916 3599 possint
940 3503 1062 3598 videm,
1091 3505 1150 3577 sed
1176 3504 1295 3576 omnia
1319 3503 1406 3577 haec
1432 3502 1547 3575 adhuc
1573 3508 1646 3573 tam
1679 3501 1813 3573 incerta
1838 3508 1874 3573 et
1898 3502 2046 3573 obscura

394 3625 488 3712 sunt,
516 3626 556 3691 ut
580 3619 670 3692 haec
695 3619 924 3714 investigatio
947 3619 986 3691 in
1011 3619 1159 3715 longum
1184 3626 1323 3717 tempus
1348 3618 1557 3692 dimittenda
1582 3617 1754 3690 videatur.

443 3733 479 3806 Si
507 3741 625 3807 autem
652 3736 690 3807 in
717 3735 806 3808 serio
832 3758 934 3831 opere
960 3735 1036 3808 ioco
1063 3736 1162 3809 locus
1187 3742 1288 3830 esset,
1317 3734 1517 3828 Gorgonem
1544 3733 1708 3807 finxerim
1723 3733 1921 3808 Minervam
1935 3757 2046 3806 meam

392 3851 636 3947 adloquentem
666 3860 707 3925 ut
734 3859 882 3926 matrem
908 3852 946 3925 in
972 3852 1138 3926 Simmiae
1163 3854 1414 3950 epigrammate
1441 3849 1570 3940 (Anth.
1598 3850 1664 3923 Pal
1691 3851 1766 3923 Vll
1795 3853 1881 3943 647)

632 3964 808 4037 Ὕστατα
834 3960 880 4054 δὴ
904 3960 989 4036 τάδ’
1015 3969 1112 4037 ἔειπε
1136 3965 1253 4056 φίλην
1276 3965 1366 4036 ποτὶ
1390 3967 1535 4057 μητέρα
1560 3965 1695 4058 Γοργώ

679 4071 933 4171 δακρυόεσσα,
960 4071 1068 4168 δέρης
1088 4075 1228 4169 χερσίν
1252 4075 1512 4166 ἐφαπτομένα·

631 4177 726 4259 αὖθι
750 4193 884 4278 μένοις
908 4188 1013 4279 παρά
1036 4189 1168 4281 πατρὶ,
1193 4192 1318 4270 τέκοις
1342 4181 1450 4258 δ’ἐπὶ
1474 4184 1591 4278 λῴονι
1614 4191 1735 4278 μοίρᾳ

679 4296 809 4384 ἄλλην,
835 4304 890 4391 σῷ
913 4296 1033 4391 πολιῷ
1056 4301 1173 4392 γήραϊ
1193 4291 1401 4388 καὸεμόνα.

409 4494 451 4597 η’)
468 4493 525 4599 ⁸Au
559 4493 627 4571 quid
657 4494 757 4572 probet
787 4498 869 4571 caput
897 4495 986 4553 Besae
1013 4491 1045 4550 in
1076 4511 1191 4552 nummo
1217 4494 1307 4553 Gazae
1327 4492 1499 4570 adsignando
1532 4492 1664 4571 (huynes,
1684 4493 1774 4553 Ghoix
1794 4494 1851 4553 tab.
1873 4496 1917 4555 12.
1939 4496 1968 4571 3)
1987 4515 2043 4555 non

388 4585 581 4755 dnhdlighoro
610 4698 645 4738 un
665 4680 849 4740 Hettaeorum
866 4696 982 4758 ¹quoque
1002 4679 1170 4740 memoriam
1190 4679 1306 4739 servarit
1325 4679 1396 4739 mira
1416 4680 1465 4738 ille
1483 4679 1578 4738 fabula
1597 4680 1673 4758 apud
1692 4680 1805 4740 Suidam
1826 4684 1864 4755 (v.
1885 4684 2046 4756 Μέὶονσι),

389 4771 546 4853 cedrorum
566 4792 613 4850 pg.
633 4777 681 4832 22.
702 4776 750 4845 23,
771 4773 908 4833 Mulelam
924 4792 971 4853 pg.
992 4776 1029 4832 st
1049 4793 1121 4852 sqq„
1141 4773 1177 4834 de
1195 4773 1296 4834 Perseo
1316 4773 1406 4833 Iconii
1426 4784 1455 4832 et
1471 4773 1551 4832 Tarsi
1570 4773 1720 4832 conditore.

1052 5116 1318 5133 ——u--u—
