4808 6390
1317 609 1341 680 4

497 823 568 919 legi
603 846 622 896 e
655 821 769 913 libris,
804 828 883 918 post
919 821 1089 894 Lerezow
1122 819 1236 917 editis,
1271 822 1315 894 ad
1349 844 1437 917 quos
1475 821 1563 895 mihi
1600 845 1759 896 accessus
1797 823 1951 920 patebat,
1981 822 2161 900 ineditae

500 940 624 1014 Museo
663 937 898 1033 Lugdunensi
936 961 1060 1034 pauca,
1099 937 1204 1035 plura
1236 961 1255 1011 e
1291 936 1513 1011 Bibliotheca
1546 938 1643 1034 regia
1677 938 1804 1033 Hagae
1828 938 1980 1036 comitis,
2006 940 2160 1038 plurima

495 1081 542 1133 ex
568 1055 693 1129 Museo
728 1054 927 1151 Luporensi
965 1061 1000 1127 et
1024 1053 1249 1127 Bibliotheca
1273 1052 1568 1128 Franco-Gallica
1590 1054 1756 1128 Lutetiae
1781 1054 1997 1128 Parisiorum
2022 1056 2157 1153 deinde,

500 1180 541 1247 nt
585 1173 657 1246 iam
698 1170 786 1266 dixi,
826 1194 846 1244 e
883 1171 1074 1245 thensauro
1108 1172 1217 1270 patris
1264 1179 1299 1245 et
1343 1171 1412 1244 viri
1447 1171 1538 1246 doot.
1578 1171 1888 1246 Imhool-Blumer.
1940 1173 2089 1247 Tabulis
2123 1181 2160 1248 et

498 1286 908 1388 photographomatibus,
948 1289 992 1361 ad
1034 1312 1159 1386 corpus
1185 1311 1301 1361 rerum
1327 1287 1489 1361 fictilium
1514 1288 1742 1385 antiquorum
1767 1289 2041 1387 pertinentibus,
2067 1290 2156 1363 mihi

493 1405 663 1478 utendum
690 1403 842 1499 benigne
869 1404 1040 1478 concessit
1065 1405 1121 1477 vir
1145 1403 1190 1478 ol.
1219 1403 1371 1477 Kekule.

543 1522 677 1597 Vultus
716 1521 897 1620 discriptio
931 1523 1126 1596 necessario
1161 1522 1300 1595 brevior
1338 1521 1406 1594 fuit
1441 1546 1547 1618 qnam
1573 1530 1614 1597 ut
1638 1523 1721 1597 inde
1747 1522 1899 1596 multum
1924 1523 2085 1618 disceres,
2112 1548 2157 1597 ne

492 1647 612 1713 tamen
650 1638 758 1712 etiam
795 1638 846 1711 sie
886 1639 1053 1712 maiorem
1089 1638 1205 1711 locum
1230 1644 1416 1736 occuparet
1441 1645 1653 1735 postremam
1679 1640 1866 1713 verborum
1891 1646 2025 1737 partem
2053 1665 2156 1739 saepe

496 1756 592 1853 typis
630 1778 703 1827 non
740 1755 919 1830 mandavi.
973 1754 1191 1829 Monendum
1229 1755 1292 1827 rix
1330 1755 1535 1829 crediderim
1578 1756 1687 1853 ,ling
1728 1757 1828 1831 exs.”
1855 1757 1980 1853 lingua
2004 1767 2155 1855 exserta,

497 1896 652 1971 ,supero
681 1872 818 1945 contr.''
845 1872 1043 1971 superciliis
1068 1872 1269 1969 contractis,
1300 1871 1436 1965 ,fronte
1461 1872 1564 1968 rug.’'
1587 1873 1702 1947 fronte
1715 1897 1853 1969 rugoso,
1868 1873 2056 1967 legendum
2069 1899 2154 1949 esse.

542 1989 599 2063 Ne
639 1995 758 2062 tamen
799 1989 915 2062 omnis
953 1989 1139 2087 adspectus
1177 1987 1432 2062 desideraretur
1470 1989 1611 2062 tabulas
1647 1989 1765 2063 addidi
1802 1989 1841 2061 in
1877 1991 2005 2086 quibus
2043 2015 2155 2089 pauca

497 2105 641 2202 maiora,
680 2112 876 2178 memoratu
909 2104 1082 2202 digniora,
1110 2104 1272 2203 exempla
1305 2104 1491 2178 delineari.
1519 2105 1659 2178 Inedita
1683 2107 1903 2204 potissimum
1930 2107 2019 2181 dedi.
2072 2109 2155 2182 Non

496 2221 620 2317 ignoro
654 2229 765 2294 artem
799 2245 912 2294 meam
946 2222 1084 2295 minimi
1118 2223 1208 2319 preti
1241 2245 1327 2317 esse,
1367 2221 1427 2294 sed
1464 2221 1503 2293 ni
1541 2221 1660 2295 omnia
1696 2222 1827 2296 fallunt
1864 2223 1908 2296 ad
1946 2224 2039 2297 hano
2080 2249 2154 2298 rem

495 2346 660 2412 accurata
685 2338 906 2410 adumbratio
933 2339 983 2410 rei
1008 2339 1097 2411 bene
1123 2338 1334 2434 intellectae,
1360 2337 1426 2411 etsi
1452 2337 1552 2412 nulla
1578 2341 1670 2412 inest
1695 2363 1764 2434 ars,
1791 2339 1878 2412 satis
1904 2340 1980 2413 erit.

541 2456 764 2530 Postremum
788 2455 914 2528 addam
941 2479 996 2527 me
1022 2479 1141 2528 omnes
1167 2454 1231 2528 has
1256 2455 1386 2550 figuras
1412 2478 1483 2528 uno
1510 2456 1650 2528 nomine
1676 2454 1858 2550 Gorgones
1887 2478 2030 2528 vocasse
2047 2456 2153 2529 etiam

492 2573 522 2646 si
560 2572 653 2670 apud
693 2596 821 2670 paucas
853 2571 1090 2645 dubitationes
1116 2573 1159 2645 de
1185 2595 1266 2645 roro
1293 2572 1435 2645 nomine
1461 2573 1649 2671 supersint.
1689 2571 1770 2645 Meo
1794 2573 1888 2645 enim
1913 2571 2042 2645 iudicio
2067 2571 2153 2646 haee

490 2689 658 2784 quoniam
696 2687 740 2760 ad
777 2695 889 2760 artem
920 2711 992 2759 non
1020 2689 1199 2786 pertinent
1223 2687 1351 2761 melius
1378 2687 1422 2761 ad
1448 2687 1554 2762 finem
1579 2688 1863 2761 reservabuntur.

542 2804 777 2878 Nummorum
816 2803 969 2901 pondera
1004 2810 1200 2899 grammata
1233 2804 1453 2900 indicabunt,
1505 2803 1786 2900 magnitudinem
1820 2802 2025 2877 millimetra
2061 2828 2151 2901 quae

489 2923 667 2997 dicuntur.
719 2922 884 2996 Aliarum
919 2946 1037 2995 rerum
1067 2923 1347 3017 magnitudinem
1382 2947 1454 2996 non
1496 2924 1565 2995 nisi
1592 2947 1670 2995 raro
1698 2923 1792 3019 typis
1817 2923 1996 3018 mandavi,
2032 2924 2152 2996 metris

490 3065 581 3138 quae
607 3047 791 3137 vocantur,
817 3065 893 3114 eam
919 3041 1086 3138 expressi.
