<?xml version="1.0" encoding="UTF-8"?>
<!DOCTYPE html PUBLIC "-//W3C//DTD XHTML 1.0 Transitional//EN"
    "http://www.w3.org/TR/xhtml1/DTD/xhtml1-transitional.dtd">
<html xmlns="http://www.w3.org/1999/xhtml" xml:lang="en" lang="en">
 <head>
  <title>
</title>
<meta http-equiv="Content-Type" content="text/html;charset=utf-8" />
  <meta name='ocr-system' content='tesseract 3.04.00' />
  <meta name='ocr-capabilities' content='ocr_page ocr_carea ocr_par ocr_line ocrx_word'/>
</head>
<body>
  <div class='ocr_page' id='page_1' title='image "./degorgone00sixgoog_0101.png"; bbox 0 0 4808 6390; ppageno 0'>
   <div class='ocr_carea' id='block_1_1' title="bbox 1314 671 1361 743">
    <p class='ocr_par' dir='ltr' id='par_1_1' title="bbox 1314 671 1361 743">
     <span class='ocr_line' id='line_1_1' title="bbox 1314 671 1361 743; baseline -0.021 0"><span class='ocrx_word' id='word_1_1' title='bbox 1314 671 1361 743; x_wconf 81' lang='lat'>90</span> 
     </span>
    </p>
   </div>
   <div class='ocr_carea' id='block_1_2' title="bbox 515 873 2175 4665">
    <p class='ocr_par' dir='ltr' id='par_1_2' title="bbox 515 873 2173 1437">
     <span class='ocr_line' id='line_1_2' title="bbox 566 873 2171 980; baseline 0.004 -33"><span class='ocrx_word' id='word_1_2' title='bbox 566 873 622 947; x_wconf 82' lang='lat' dir='ltr'>Ex</span> <span class='ocrx_word' id='word_1_3' title='bbox 661 876 794 950; x_wconf 87' lang='lat' dir='ltr'>tabulis</span> <span class='ocrx_word' id='word_1_4' title='bbox 830 878 936 976; x_wconf 89' lang='lat' dir='ltr'>pictis</span> <span class='ocrx_word' id='word_1_5' title='bbox 975 881 1200 980; x_wconf 83' lang='lat' dir='ltr'>Pompeianis</span> <span class='ocrx_word' id='word_1_6' title='bbox 1238 882 1575 977; x_wconf 85' lang='lat' dir='ltr'>Herculanensibus,</span> <span class='ocrx_word' id='word_1_7' title='bbox 1619 904 1715 955; x_wconf 92' lang='lat' dir='ltr'>anno</span> <span class='ocrx_word' id='word_1_8' title='bbox 1751 880 1863 976; x_wconf 90' lang='lat' dir='ltr'>igitur</span> <span class='ocrx_word' id='word_1_9' title='bbox 1898 883 1945 955; x_wconf 80' lang='lat'>79</span> <span class='ocrx_word' id='word_1_10' title='bbox 1985 881 2171 980; x_wconf 89' lang='lat' dir='ltr'>prioribus,</span> 
     </span>
     <span class='ocr_line' id='line_1_3' title="bbox 518 990 2171 1097; baseline 0.005 -35"><span class='ocrx_word' id='word_1_11' title='bbox 518 1013 628 1089; x_wconf 87' lang='lat' dir='ltr'>supra</span> <span class='ocrx_word' id='word_1_12' title='bbox 651 990 743 1064; x_wconf 89' lang='lat' dir='ltr'>nihil</span> <span class='ocrx_word' id='word_1_13' title='bbox 768 994 971 1090; x_wconf 81' lang='lat' dir='ltr'>memoravi,</span> <span class='ocrx_word' id='word_1_14' title='bbox 998 1021 1071 1069; x_wconf 89' lang='lat' dir='ltr'>non</span> <span class='ocrx_word' id='word_1_15' title='bbox 1097 1004 1218 1072; x_wconf 87' lang='lat' dir='ltr'>temen</span> <span class='ocrx_word' id='word_1_16' title='bbox 1242 1023 1386 1097; x_wconf 91' lang='lat' dir='ltr'>possum</span> <span class='ocrx_word' id='word_1_17' title='bbox 1412 999 1499 1096; x_wconf 93' lang='lat' dir='ltr'>quin</span> <span class='ocrx_word' id='word_1_18' title='bbox 1524 998 1583 1071; x_wconf 91' lang='lat' dir='ltr'>hic</span> <span class='ocrx_word' id='word_1_19' title='bbox 1608 1021 1717 1071; x_wconf 88' lang='lat' dir='ltr'>unam</span> <span class='ocrx_word' id='word_1_20' title='bbox 1742 995 1857 1092; x_wconf 87' lang='lat' dir='ltr'>(Zahn</span> <span class='ocrx_word' id='word_1_21' title='bbox 1883 997 1955 1071; x_wconf 94' lang='grc' dir='ltr'><strong>ΙΙΙ.</strong></span> <span class='ocrx_word' id='word_1_22' title='bbox 1981 999 2050 1094; x_wconf 74' lang='lat'>233</span> <span class='ocrx_word' id='word_1_23' title='bbox 2077 997 2171 1070; x_wconf 88' lang='lat' dir='ltr'>Mus.</span> 
     </span>
     <span class='ocr_line' id='line_1_4' title="bbox 517 1106 2173 1212; baseline 0.004 -33"><span class='ocrx_word' id='word_1_24' title='bbox 517 1106 670 1182; x_wconf 93' lang='lat' dir='ltr'>Borbon.</span> <span class='ocrx_word' id='word_1_25' title='bbox 696 1108 787 1184; x_wconf 87' lang='lat' dir='ltr'>XII.</span> <span class='ocrx_word' id='word_1_26' title='bbox 814 1111 877 1206; x_wconf 87' lang='lat'>48)</span> <span class='ocrx_word' id='word_1_27' title='bbox 901 1135 964 1208; x_wconf 88' lang='lat' dir='ltr'>pro</span> <span class='ocrx_word' id='word_1_28' title='bbox 991 1115 1155 1188; x_wconf 92' lang='lat' dir='ltr'>omnibus</span> <span class='ocrx_word' id='word_1_29' title='bbox 1180 1116 1334 1190; x_wconf 80' lang='lat' dir='ltr'>breviter</span> <span class='ocrx_word' id='word_1_30' title='bbox 1358 1140 1558 1212; x_wconf 89' lang='lat' dir='ltr'>memorem,</span> <span class='ocrx_word' id='word_1_31' title='bbox 1584 1113 1676 1212; x_wconf 92' lang='lat' dir='ltr'>quod</span> <span class='ocrx_word' id='word_1_32' title='bbox 1694 1113 1849 1212; x_wconf 85' lang='lat' dir='ltr'>primurn</span> <span class='ocrx_word' id='word_1_33' title='bbox 1862 1114 2039 1211; x_wconf 86' lang='lat' dir='ltr'>praestitit</span> <span class='ocrx_word' id='word_1_34' title='bbox 2055 1137 2173 1187; x_wconf 84' lang='lat' dir='ltr'>exem·</span> 
     </span>
     <span class='ocr_line' id='line_1_5' title="bbox 516 1220 2173 1328; baseline 0.005 -34"><span class='ocrx_word' id='word_1_35' title='bbox 516 1220 616 1319; x_wconf 90' lang='lat' dir='ltr'>plum</span> <span class='ocrx_word' id='word_1_36' title='bbox 641 1223 782 1298; x_wconf 77' lang='lat' dir='ltr'>fabulae</span> <span class='ocrx_word' id='word_1_37' title='bbox 807 1225 878 1298; x_wconf 88' lang='lat' dir='ltr'>iam</span> <span class='ocrx_word' id='word_1_38' title='bbox 904 1251 926 1299; x_wconf 89' lang='lat' dir='ltr'>a</span> <span class='ocrx_word' id='word_1_39' title='bbox 951 1227 1153 1327; x_wconf 81' lang='lat' dir='ltr'>Pherecpde</span> <span class='ocrx_word' id='word_1_40' title='bbox 1178 1240 1402 1327; x_wconf 78' lang='lat' dir='ltr'>memoratae,</span> <span class='ocrx_word' id='word_1_41' title='bbox 1430 1231 1633 1305; x_wconf 83' lang='lat' dir='ltr'>Minervam</span> <span class='ocrx_word' id='word_1_42' title='bbox 1658 1229 1812 1328; x_wconf 89' lang='lat' dir='ltr'>clipeum</span> <span class='ocrx_word' id='word_1_43' title='bbox 1829 1229 1957 1303; x_wconf 91' lang='lat' dir='ltr'>Perseo</span> <span class='ocrx_word' id='word_1_44' title='bbox 1975 1229 2173 1303; x_wconf 79' lang='lat' dir='ltr'>obtendisse</span> 
     </span>
     <span class='ocr_line' id='line_1_6' title="bbox 515 1339 1041 1437; baseline 0.015 -28"><span class='ocrx_word' id='word_1_45' title='bbox 515 1359 587 1435; x_wconf 89' lang='lat' dir='ltr'>quo</span> <span class='ocrx_word' id='word_1_46' title='bbox 612 1339 745 1437; x_wconf 84' lang='lat' dir='ltr'>speculi</span> <span class='ocrx_word' id='word_1_47' title='bbox 770 1340 846 1414; x_wconf 93' lang='lat' dir='ltr'>loco</span> <span class='ocrx_word' id='word_1_48' title='bbox 873 1349 1041 1417; x_wconf 90' lang='lat' dir='ltr'>uteretur.</span> 
     </span>
    </p>

    <p class='ocr_par' dir='ltr' id='par_1_3' title="bbox 517 1452 2174 2015">
     <span class='ocr_line' id='line_1_7' title="bbox 566 1452 2173 1558; baseline 0.004 -33"><span class='ocrx_word' id='word_1_49' title='bbox 566 1452 725 1527; x_wconf 80' lang='lat' dir='ltr'>Eandem</span> <span class='ocrx_word' id='word_1_50' title='bbox 750 1456 952 1554; x_wconf 85' lang='lat' dir='ltr'>imaginem,</span> <span class='ocrx_word' id='word_1_51' title='bbox 978 1483 1067 1554; x_wconf 89' lang='lat' dir='ltr'>quae</span> <span class='ocrx_word' id='word_1_52' title='bbox 1092 1461 1131 1533; x_wconf 92' lang='lat' dir='ltr'>in</span> <span class='ocrx_word' id='word_1_53' title='bbox 1157 1461 1304 1536; x_wconf 86' lang='lat' dir='ltr'>Medusa</span> <span class='ocrx_word' id='word_1_54' title='bbox 1329 1471 1364 1535; x_wconf 92' lang='lat' dir='ltr'>et</span> <span class='ocrx_word' id='word_1_55' title='bbox 1390 1461 1517 1536; x_wconf 91' lang='lat' dir='ltr'>Perseo</span> <span class='ocrx_word' id='word_1_56' title='bbox 1543 1462 1614 1536; x_wconf 83' lang='lat' dir='ltr'>iere</span> <span class='ocrx_word' id='word_1_57' title='bbox 1639 1462 1683 1535; x_wconf 90' lang='lat' dir='ltr'>ad</span> <span class='ocrx_word' id='word_1_58' title='bbox 1701 1460 1872 1535; x_wconf 89' lang='lat' dir='ltr'>amussim</span> <span class='ocrx_word' id='word_1_59' title='bbox 1888 1459 2065 1555; x_wconf 85' lang='lat' dir='ltr'>convenit,</span> <span class='ocrx_word' id='word_1_60' title='bbox 2078 1483 2173 1558; x_wconf 83' lang='lat' dir='ltr'>repe</span> 
     </span>
     <span class='ocr_line' id='line_1_8' title="bbox 517 1567 2171 1670; baseline 0 -30"><span class='ocrx_word' id='word_1_61' title='bbox 517 1567 586 1641; x_wconf 87' lang='lat' dir='ltr'>ries</span> <span class='ocrx_word' id='word_1_62' title='bbox 611 1568 650 1642; x_wconf 91' lang='lat' dir='ltr'>in</span> <span class='ocrx_word' id='word_1_63' title='bbox 675 1594 819 1644; x_wconf 88' lang='lat' dir='ltr'>nummo</span> <span class='ocrx_word' id='word_1_64' title='bbox 844 1597 952 1646; x_wconf 91' lang='lat' dir='ltr'>aeneo</span> <span class='ocrx_word' id='word_1_65' title='bbox 979 1591 1262 1655; x_wconf 74' lang='lat' dir='ltr'>cassera-sos,</span> <span class='ocrx_word' id='word_1_66' title='bbox 1281 1595 1341 1647; x_wconf 84' lang='lat' dir='ltr'>em</span> <span class='ocrx_word' id='word_1_67' title='bbox 1363 1606 1370 1620; x_wconf 95' lang='lat'><strong>·</strong></span> <span class='ocrx_word' id='word_1_68' title='bbox 1389 1575 1552 1648; x_wconf 78' lang='grc' dir='ltr'><em>Λονκίου</em></span> <span class='ocrx_word' id='word_1_69' title='bbox 1577 1576 1815 1648; x_wconf 61' lang='lat' dir='ltr'>arcessuros?</span> <span class='ocrx_word' id='word_1_70' title='bbox 1830 1574 1858 1670; x_wconf 89' lang='grc'>1)</span> <span class='ocrx_word' id='word_1_71' title='bbox 1883 1586 2171 1656; x_wconf 65' lang='lat' dir='ltr'>caramancio</span> 
     </span>
     <span class='ocr_line' id='line_1_9' title="bbox 524 1686 2174 1787; baseline 0.008 -39"><span class='ocrx_word' id='word_1_72' title='bbox 524 1690 723 1780; x_wconf 75' lang='lat' dir='ltr'>saxovsoa,</span> <span class='ocrx_word' id='word_1_73' title='bbox 767 1688 867 1760; x_wconf 92' lang='lat' dir='ltr'>cuius</span> <span class='ocrx_word' id='word_1_74' title='bbox 905 1689 1052 1762; x_wconf 85' lang='lat' dir='ltr'>adversa</span> <span class='ocrx_word' id='word_1_75' title='bbox 1088 1712 1179 1787; x_wconf 90' lang='lat' dir='ltr'>pars,</span> <span class='ocrx_word' id='word_1_76' title='bbox 1208 1707 1260 1759; x_wconf 82' lang='grc' dir='ltr'>κΑι</span> <span class='ocrx_word' id='word_1_77' title='bbox 1280 1719 1287 1734; x_wconf 90' lang='grc'><em>·</em></span> <span class='ocrx_word' id='word_1_78' title='bbox 1306 1708 1331 1760; x_wconf 79' lang='grc' dir='ltr'>ιι</span> <span class='ocrx_word' id='word_1_79' title='bbox 1351 1720 1358 1733; x_wconf 92' lang='grc'><em>·</em></span> <span class='ocrx_word' id='word_1_80' title='bbox 1377 1709 1445 1761; x_wconf 72' lang='lat' dir='ltr'>ara</span> <span class='ocrx_word' id='word_1_81' title='bbox 1463 1708 1697 1761; x_wconf 74' lang='lat' dir='ltr'>sarcasmos</span> <span class='ocrx_word' id='word_1_82' title='bbox 1732 1689 1912 1787; x_wconf 89' lang='lat' dir='ltr'>inscripta,</span> <span class='ocrx_word' id='word_1_83' title='bbox 1938 1694 2044 1785; x_wconf 88' lang='lat' dir='ltr'>caput</span> <span class='ocrx_word' id='word_1_84' title='bbox 2067 1686 2174 1762; x_wconf 85' lang='lat' dir='ltr'>habet</span> 
     </span>
     <span class='ocr_line' id='line_1_10' title="bbox 524 1794 2173 1902; baseline 0.006 -35"><span class='ocrx_word' id='word_1_85' title='bbox 524 1794 721 1873; x_wconf 90' lang='lat' dir='ltr'>laureatum</span> <span class='ocrx_word' id='word_1_86' title='bbox 755 1802 969 1901; x_wconf 85' lang='lat' dir='ltr'>Caracallae,</span> <span class='ocrx_word' id='word_1_87' title='bbox 1004 1805 1134 1902; x_wconf 90' lang='lat' dir='ltr'>quique</span> <span class='ocrx_word' id='word_1_88' title='bbox 1171 1804 1281 1900; x_wconf 89' lang='lat' dir='ltr'>igitur</span> <span class='ocrx_word' id='word_1_89' title='bbox 1317 1805 1412 1878; x_wconf 90' lang='lat' dir='ltr'>intra</span> <span class='ocrx_word' id='word_1_90' title='bbox 1437 1828 1550 1879; x_wconf 90' lang='lat' dir='ltr'>annos</span> <span class='ocrx_word' id='word_1_91' title='bbox 1578 1806 1771 1878; x_wconf 75' lang='lat'>198-217</span> <span class='ocrx_word' id='word_1_92' title='bbox 1800 1828 1904 1878; x_wconf 90' lang='lat' dir='ltr'>cusus</span> <span class='ocrx_word' id='word_1_93' title='bbox 1928 1810 1981 1877; x_wconf 87' lang='lat' dir='ltr'>est</span> <span class='ocrx_word' id='word_1_94' title='bbox 2006 1802 2173 1890; x_wconf 90' lang='lat' dir='ltr'>(Pellerin</span> 
     </span>
     <span class='ocr_line' id='line_1_11' title="bbox 519 1911 867 2015; baseline 0.017 -28"><span class='ocrx_word' id='word_1_95' title='bbox 519 1911 579 1987; x_wconf 88' lang='grc' dir='ltr'>ΠΙ</span> <span class='ocrx_word' id='word_1_96' title='bbox 605 1917 677 1989; x_wconf 88' lang='lat' dir='ltr'>tab.</span> <span class='ocrx_word' id='word_1_97' title='bbox 707 1921 789 1993; x_wconf 86' lang='grc'>126.</span> <span class='ocrx_word' id='word_1_98' title='bbox 818 1921 867 2015; x_wconf 79' lang='lat'>7).</span> 
     </span>
    </p>

    <p class='ocr_par' dir='ltr' id='par_1_4' title="bbox 516 2031 2174 2483">
     <span class='ocr_line' id='line_1_12' title="bbox 573 2031 2172 2135; baseline 0.002 -31"><span class='ocrx_word' id='word_1_99' title='bbox 573 2031 725 2128; x_wconf 82' lang='lat' dir='ltr'>Utrique</span> <span class='ocrx_word' id='word_1_100' title='bbox 761 2034 909 2128; x_wconf 84' lang='lat' dir='ltr'>imagini</span> <span class='ocrx_word' id='word_1_101' title='bbox 946 2035 1092 2109; x_wconf 89' lang='lat' dir='ltr'>celebris</span> <span class='ocrx_word' id='word_1_102' title='bbox 1130 2039 1268 2135; x_wconf 83' lang='lat' dir='ltr'>pictura</span> <span class='ocrx_word' id='word_1_103' title='bbox 1300 2037 1459 2135; x_wconf 86' lang='lat' dir='ltr'>exemplo</span> <span class='ocrx_word' id='word_1_104' title='bbox 1485 2035 1564 2133; x_wconf 83' lang='lat' dir='ltr'>fuit,</span> <span class='ocrx_word' id='word_1_105' title='bbox 1590 2038 1634 2109; x_wconf 90' lang='lat' dir='ltr'>ad</span> <span class='ocrx_word' id='word_1_106' title='bbox 1660 2035 1766 2110; x_wconf 90' lang='lat' dir='ltr'>telem</span> <span class='ocrx_word' id='word_1_107' title='bbox 1791 2037 1884 2110; x_wconf 87' lang='lat' dir='ltr'>enim</span> <span class='ocrx_word' id='word_1_108' title='bbox 1911 2034 2098 2130; x_wconf 82' lang='lat' dir='ltr'>imaginem</span> <span class='ocrx_word' id='word_1_109' title='bbox 2123 2058 2172 2107; x_wconf 89' lang='lat' dir='ltr'>re·</span> 
     </span>
     <span class='ocr_line' id='line_1_13' title="bbox 518 2146 2174 2247; baseline 0.004 -30"><span class='ocrx_word' id='word_1_110' title='bbox 518 2146 622 2243; x_wconf 89' lang='lat' dir='ltr'>spicit</span> <span class='ocrx_word' id='word_1_111' title='bbox 655 2149 837 2223; x_wconf 86' lang='lat' dir='ltr'>Lucienus</span> <span class='ocrx_word' id='word_1_112' title='bbox 868 2152 924 2243; x_wconf 85' lang='lat' dir='ltr'>(de</span> <span class='ocrx_word' id='word_1_113' title='bbox 958 2152 1059 2225; x_wconf 94' lang='lat' dir='ltr'>domo</span> <span class='ocrx_word' id='word_1_114' title='bbox 1086 2157 1132 2226; x_wconf 83' lang='lat'>25</span> <span class='ocrx_word' id='word_1_115' title='bbox 1159 2161 1195 2226; x_wconf 89' lang='lat' dir='ltr'>et</span> <span class='ocrx_word' id='word_1_116' title='bbox 1231 2153 1324 2228; x_wconf 89' lang='lat' dir='ltr'>Dial.</span> <span class='ocrx_word' id='word_1_117' title='bbox 1352 2155 1441 2226; x_wconf 90' lang='lat' dir='ltr'>Mor.</span> <span class='ocrx_word' id='word_1_118' title='bbox 1468 2153 1576 2227; x_wconf 83' lang='lat' dir='ltr'>XIV.</span> <span class='ocrx_word' id='word_1_119' title='bbox 1604 2155 1651 2247; x_wconf 91' lang='grc'>2).</span> <span class='ocrx_word' id='word_1_120' title='bbox 1678 2152 1767 2227; x_wconf 91' lang='lat' dir='ltr'>Vide</span> <span class='ocrx_word' id='word_1_121' title='bbox 1791 2154 1907 2225; x_wconf 80' lang='lat' dir='ltr'>virum</span> <span class='ocrx_word' id='word_1_122' title='bbox 1933 2151 1977 2224; x_wconf 89' lang='lat' dir='ltr'>cl.</span> <span class='ocrx_word' id='word_1_123' title='bbox 2004 2150 2174 2225; x_wconf 81' lang='lat' dir='ltr'>Bldmner</span> 
     </span>
     <span class='ocr_line' id='line_1_14' title="bbox 516 2261 2174 2364; baseline 0.001 -28"><span class='ocrx_word' id='word_1_124' title='bbox 516 2261 680 2357; x_wconf 85' lang='lat' dir='ltr'>(Studien</span> <span class='ocrx_word' id='word_1_125' title='bbox 705 2289 749 2337; x_wconf 86' lang='lat' dir='ltr'>zu</span> <span class='ocrx_word' id='word_1_126' title='bbox 782 2265 869 2338; x_wconf 91' lang='lat' dir='ltr'>Luo.</span> <span class='ocrx_word' id='word_1_127' title='bbox 903 2291 959 2364; x_wconf 87' lang='lat' dir='ltr'>pg.</span> <span class='ocrx_word' id='word_1_128' title='bbox 989 2271 1050 2362; x_wconf 90' lang='grc'>62)</span> <span class='ocrx_word' id='word_1_129' title='bbox 1076 2269 1137 2364; x_wconf 93' lang='lat' dir='ltr'>qui</span> <span class='ocrx_word' id='word_1_130' title='bbox 1162 2292 1202 2341; x_wconf 89' lang='lat' dir='ltr'>eo</span> <span class='ocrx_word' id='word_1_131' title='bbox 1227 2267 1347 2341; x_wconf 92' lang='lat' dir='ltr'>libello</span> <span class='ocrx_word' id='word_1_132' title='bbox 1373 2268 1416 2340; x_wconf 92' lang='lat' dir='ltr'>de</span> <span class='ocrx_word' id='word_1_133' title='bbox 1442 2270 1524 2342; x_wconf 90' lang='lat' dir='ltr'>aliis</span> <span class='ocrx_word' id='word_1_134' title='bbox 1550 2291 1687 2364; x_wconf 90' lang='lat' dir='ltr'>quoque</span> <span class='ocrx_word' id='word_1_135' title='bbox 1711 2269 1863 2342; x_wconf 88' lang='lat' dir='ltr'>Luciaui</span> <span class='ocrx_word' id='word_1_136' title='bbox 1887 2267 1988 2361; x_wconf 88' lang='lat' dir='ltr'>locis,</span> <span class='ocrx_word' id='word_1_137' title='bbox 2015 2265 2058 2338; x_wconf 88' lang='lat' dir='ltr'>ad</span> <span class='ocrx_word' id='word_1_138' title='bbox 2085 2265 2174 2341; x_wconf 83' lang='lat' dir='ltr'>Gor·</span> 
     </span>
     <span class='ocr_line' id='line_1_15' title="bbox 516 2381 1397 2483; baseline 0.007 -31"><span class='ocrx_word' id='word_1_139' title='bbox 516 2403 641 2474; x_wconf 89' lang='lat' dir='ltr'>genem</span> <span class='ocrx_word' id='word_1_140' title='bbox 668 2381 706 2453; x_wconf 93' lang='lat' dir='ltr'>in</span> <span class='ocrx_word' id='word_1_141' title='bbox 731 2382 863 2455; x_wconf 88' lang='lat' dir='ltr'>tabulis</span> <span class='ocrx_word' id='word_1_142' title='bbox 887 2384 991 2480; x_wconf 90' lang='lat' dir='ltr'>pictis</span> <span class='ocrx_word' id='word_1_143' title='bbox 1017 2386 1286 2483; x_wconf 84' lang='lat' dir='ltr'>pertinentibus,</span> <span class='ocrx_word' id='word_1_144' title='bbox 1313 2385 1397 2479; x_wconf 88' lang='lat' dir='ltr'>egit.</span> 
     </span>
    </p>

    <p class='ocr_par' dir='ltr' id='par_1_5' title="bbox 517 2494 2173 2708">
     <span class='ocr_line' id='line_1_16' title="bbox 566 2494 2173 2596; baseline 0.001 -28"><span class='ocrx_word' id='word_1_145' title='bbox 566 2494 691 2592; x_wconf 87' lang='lat' dir='ltr'>Neque</span> <span class='ocrx_word' id='word_1_146' title='bbox 723 2497 837 2593; x_wconf 88' lang='lat' dir='ltr'>aliter,</span> <span class='ocrx_word' id='word_1_147' title='bbox 872 2499 984 2595; x_wconf 88' lang='lat' dir='ltr'>oredo,</span> <span class='ocrx_word' id='word_1_148' title='bbox 1023 2500 1177 2589; x_wconf 84' lang='lat' dir='ltr'>Quintus</span> <span class='ocrx_word' id='word_1_149' title='bbox 1221 2499 1437 2596; x_wconf 83' lang='lat' dir='ltr'>Smyrnaeus</span> <span class='ocrx_word' id='word_1_150' title='bbox 1458 2501 1526 2574; x_wconf 92' lang='lat' dir='ltr'>sibi</span> <span class='ocrx_word' id='word_1_151' title='bbox 1552 2500 1743 2596; x_wconf 86' lang='lat' dir='ltr'>imaginem</span> <span class='ocrx_word' id='word_1_152' title='bbox 1768 2501 1806 2573; x_wconf 94' lang='lat' dir='ltr'>in</span> <span class='ocrx_word' id='word_1_153' title='bbox 1834 2505 1959 2596; x_wconf 79' lang='lat' dir='ltr'>goryto</span> <span class='ocrx_word' id='word_1_154' title='bbox 1986 2495 2173 2570; x_wconf 81' lang='lat' dir='ltr'>Philocteti</span> 
     </span>
     <span class='ocr_line' id='line_1_17' title="bbox 517 2611 944 2708; baseline 0.012 -27"><span class='ocrx_word' id='word_1_155' title='bbox 517 2611 741 2708; x_wconf 83' lang='lat' dir='ltr'>excogitavit,</span> <span class='ocrx_word' id='word_1_156' title='bbox 768 2614 944 2687; x_wconf 88' lang='lat' dir='ltr'>scribens:</span> 
     </span>
    </p>

    <p class='ocr_par' dir='ltr' id='par_1_6' title="bbox 517 2720 1856 2821">
     <span class='ocr_line' id='line_1_18' title="bbox 517 2720 1856 2821; baseline -0.001 -23"><span class='ocrx_word' id='word_1_157' title='bbox 517 2724 565 2798; x_wconf 89' lang='lat' dir='ltr'>X.</span> <span class='ocrx_word' id='word_1_158' title='bbox 596 2728 665 2799; x_wconf 85' lang='grc'>195</span> <span class='ocrx_word' id='word_1_159' title='bbox 815 2727 986 2821; x_wconf 75' lang='grc' dir='ltr'><em>Περσεὺς</em></span> <span class='ocrx_word' id='word_1_160' title='bbox 1009 2720 1043 2796; x_wconf 81' lang='grc' dir='ltr'>δ’</span> <span class='ocrx_word' id='word_1_161' title='bbox 1057 2727 1236 2809; x_wconf 79' lang='grc' dir='ltr'><em>ἀντίθεος</em></span> <span class='ocrx_word' id='word_1_162' title='bbox 1260 2727 1455 2821; x_wconf 79' lang='grc' dir='ltr'><strong><em>βλοσυρὴν</em></strong></span> <span class='ocrx_word' id='word_1_163' title='bbox 1480 2723 1607 2812; x_wconf 66' lang='lat' dir='ltr'>edcta</span> <span class='ocrx_word' id='word_1_164' title='bbox 1637 2723 1856 2800; x_wconf 71' lang='lat' dir='ltr'>Medovoav.</span> 
     </span>
    </p>

    <p class='ocr_par' dir='ltr' id='par_1_7' title="bbox 515 2841 2174 3504">
     <span class='ocr_line' id='line_1_19' title="bbox 566 2841 2174 2943; baseline -0.002 -27"><span class='ocrx_word' id='word_1_165' title='bbox 566 2843 689 2916; x_wconf 89' lang='lat' dir='ltr'>Unum</span> <span class='ocrx_word' id='word_1_166' title='bbox 714 2851 854 2918; x_wconf 90' lang='lat' dir='ltr'>tantum</span> <span class='ocrx_word' id='word_1_167' title='bbox 879 2845 1031 2919; x_wconf 91' lang='lat' dir='ltr'>Luciani</span> <span class='ocrx_word' id='word_1_168' title='bbox 1059 2845 1175 2918; x_wconf 93' lang='lat' dir='ltr'>locum</span> <span class='ocrx_word' id='word_1_169' title='bbox 1198 2844 1258 2918; x_wconf 90' lang='lat' dir='ltr'>hic</span> <span class='ocrx_word' id='word_1_170' title='bbox 1282 2846 1498 2919; x_wconf 87' lang='lat' dir='ltr'>describam:</span> <span class='ocrx_word' id='word_1_171' title='bbox 1530 2847 1624 2943; x_wconf 84' lang='lat' dir='ltr'>(Quo</span> <span class='ocrx_word' id='word_1_172' title='bbox 1651 2845 1753 2919; x_wconf 93' lang='lat' dir='ltr'>modo</span> <span class='ocrx_word' id='word_1_173' title='bbox 1777 2843 1863 2916; x_wconf 91' lang='lat' dir='ltr'>hist.</span> <span class='ocrx_word' id='word_1_174' title='bbox 1888 2841 2060 2915; x_wconf 87' lang='lat' dir='ltr'>conscrib.</span> <span class='ocrx_word' id='word_1_175' title='bbox 2075 2843 2095 2936; x_wconf 64' lang='grc' dir='ltr'><strong>ξ</strong></span> <span class='ocrx_word' id='word_1_176' title='bbox 2110 2843 2174 2935; x_wconf 84' lang='grc'>27)</span> 
     </span>
     <span class='ocr_line' id='line_1_20' title="bbox 515 2955 2174 3055; baseline -0.001 -25"><span class='ocrx_word' id='word_1_177' title='bbox 515 2962 656 3054; x_wconf 76' lang='grc' dir='ltr'><em>ηγοῠν</em></span> <span class='ocrx_word' id='word_1_178' title='bbox 678 2959 836 3046; x_wconf 66' lang='lat' dir='ltr'>deuicti</span> <span class='ocrx_word' id='word_1_179' title='bbox 861 2965 929 3031; x_wconf 81' lang='grc' dir='ltr'>τοῦ</span> <span class='ocrx_word' id='word_1_180' title='bbox 955 2959 1238 3053; x_wconf 74' lang='grc' dir='ltr'><em>αὐτοκράτορος</em></span> <span class='ocrx_word' id='word_1_181' title='bbox 1260 2958 1336 3051; x_wconf 85' lang='grc' dir='ltr'>ὅλῳ</span> <span class='ocrx_word' id='word_1_182' title='bbox 1360 2958 1510 3054; x_wconf 79' lang='grc' dir='ltr'><em>βιβλίῳ</em></span> <span class='ocrx_word' id='word_1_183' title='bbox 1533 2961 1654 3055; x_wconf 76' lang='grc' dir='ltr'><em>μόγις</em></span> <span class='ocrx_word' id='word_1_184' title='bbox 1677 2955 1926 3052; x_wconf 81' lang='grc' dir='ltr'><em>ἐξηρμηνεύθη</em></span> <span class='ocrx_word' id='word_1_185' title='bbox 1953 2955 2068 3050; x_wconf 74' lang='grc' dir='ltr'><strong><em>αὐτῷ,</em></strong></span> <span class='ocrx_word' id='word_1_186' title='bbox 2104 2957 2174 3029; x_wconf 87' lang='grc' dir='ltr'>καὶ</span> 
     </span>
     <span class='ocr_line' id='line_1_21' title="bbox 516 3063 2174 3162; baseline -0.001 -24"><span class='ocrx_word' id='word_1_187' title='bbox 516 3068 674 3162; x_wconf 80' lang='grc' dir='ltr'><em>Γοργὼν</em></span> <span class='ocrx_word' id='word_1_188' title='bbox 699 3068 762 3139; x_wconf 81' lang='grc' dir='ltr'>ἐπὶ</span> <span class='ocrx_word' id='word_1_189' title='bbox 786 3073 855 3139; x_wconf 80' lang='grc' dir='ltr'>τοῦ</span> <span class='ocrx_word' id='word_1_190' title='bbox 879 3065 1059 3159; x_wconf 83' lang='grc' dir='ltr'><em>ὀμφαλοῦ</em></span> <span class='ocrx_word' id='word_1_191' title='bbox 1094 3069 1163 3139; x_wconf 83' lang='grc' dir='ltr'>καὶ</span> <span class='ocrx_word' id='word_1_192' title='bbox 1187 3075 1228 3139; x_wconf 83' lang='grc' dir='ltr'>οἱ</span> <span class='ocrx_word' id='word_1_193' title='bbox 1251 3068 1452 3161; x_wconf 78' lang='grc' dir='ltr'><em>ὀφθαλμοὶ</em></span> <span class='ocrx_word' id='word_1_194' title='bbox 1476 3069 1596 3155; x_wconf 73' lang='grc' dir='ltr'><em>αὐτῆς</em></span> <span class='ocrx_word' id='word_1_195' title='bbox 1619 3069 1661 3140; x_wconf 79' lang='grc' dir='ltr'>ἐκ</span> <span class='ocrx_word' id='word_1_196' title='bbox 1685 3072 1831 3140; x_wconf 84' lang='grc' dir='ltr'><em>κυανοῦ</em></span> <span class='ocrx_word' id='word_1_197' title='bbox 1856 3065 1925 3136; x_wconf 82' lang='grc' dir='ltr'>καὶ</span> <span class='ocrx_word' id='word_1_198' title='bbox 1950 3063 2080 3136; x_wconf 77' lang='grc' dir='ltr'><em>λευκοῦ</em></span> <span class='ocrx_word' id='word_1_199' title='bbox 2103 3065 2174 3136; x_wconf 81' lang='grc' dir='ltr'>καὶ</span> 
     </span>
     <span class='ocr_line' id='line_1_22' title="bbox 515 3167 2172 3271; baseline -0.002 -25"><span class='ocrx_word' id='word_1_200' title='bbox 515 3175 685 3266; x_wconf 80' lang='grc' dir='ltr'><em>μελανος</em></span> <span class='ocrx_word' id='word_1_201' title='bbox 719 3179 788 3248; x_wconf 81' lang='grc' dir='ltr'>καὶ</span> <span class='ocrx_word' id='word_1_202' title='bbox 825 3178 924 3264; x_wconf 85' lang='grc' dir='ltr'><em>ζώνη</em></span> <span class='ocrx_word' id='word_1_203' title='bbox 969 3171 1153 3271; x_wconf 78' lang='grc' dir='ltr'><em>ἰριοειδὴς</em></span> <span class='ocrx_word' id='word_1_204' title='bbox 1201 3181 1270 3249; x_wconf 82' lang='grc' dir='ltr'>καὶ</span> <span class='ocrx_word' id='word_1_205' title='bbox 1315 3173 1521 3269; x_wconf 82' lang='grc' dir='ltr'><em>δράκοντες</em></span> <span class='ocrx_word' id='word_1_206' title='bbox 1565 3171 1738 3263; x_wconf 78' lang='grc' dir='ltr'><em>ἑλικηδὸν</em></span> <span class='ocrx_word' id='word_1_207' title='bbox 1779 3174 1846 3246; x_wconf 80' lang='grc' dir='ltr'>καὶ</span> <span class='ocrx_word' id='word_1_208' title='bbox 1886 3167 2172 3267; x_wconf 80' lang='grc' dir='ltr'><em>βοστρυχηδὸν.</em></span> 
     </span>
     <span class='ocr_line' id='line_1_23' title="bbox 517 3283 2174 3387; baseline -0.002 -27"><span class='ocrx_word' id='word_1_209' title='bbox 517 3286 616 3360; x_wconf 83' lang='grc' dir='ltr'><em>Ηοοο</em></span> <span class='ocrx_word' id='word_1_210' title='bbox 642 3288 746 3360; x_wconf 88' lang='lat' dir='ltr'>verba</span> <span class='ocrx_word' id='word_1_211' title='bbox 772 3289 903 3386; x_wconf 92' lang='lat' dir='ltr'>optime</span> <span class='ocrx_word' id='word_1_212' title='bbox 927 3290 1171 3386; x_wconf 86' lang='lat' dir='ltr'>interpretant,</span> <span class='ocrx_word' id='word_1_213' title='bbox 1199 3295 1354 3387; x_wconf 92' lang='lat' dir='ltr'>tempore</span> <span class='ocrx_word' id='word_1_214' title='bbox 1379 3291 1474 3363; x_wconf 90' lang='lat' dir='ltr'>enim</span> <span class='ocrx_word' id='word_1_215' title='bbox 1499 3290 1653 3387; x_wconf 85' lang='lat' dir='ltr'>proximi</span> <span class='ocrx_word' id='word_1_216' title='bbox 1679 3294 1773 3382; x_wconf 90' lang='lat' dir='ltr'>sunt,</span> <span class='ocrx_word' id='word_1_217' title='bbox 1794 3284 1941 3380; x_wconf 92' lang='lat' dir='ltr'>nummi,</span> <span class='ocrx_word' id='word_1_218' title='bbox 1955 3283 2174 3359; x_wconf 91' lang='lat' dir='ltr'>intraannos</span> 
     </span>
     <span class='ocr_line' id='line_1_24' title="bbox 520 3397 2173 3504; baseline -0.001 -28"><span class='ocrx_word' id='word_1_219' title='bbox 520 3404 712 3477; x_wconf 87' lang='grc'>193-211</span> <span class='ocrx_word' id='word_1_220' title='bbox 742 3407 828 3500; x_wconf 90' lang='lat' dir='ltr'>cusi,</span> <span class='ocrx_word' id='word_1_221' title='bbox 858 3405 956 3477; x_wconf 89' lang='lat' dir='ltr'>aurei</span> <span class='ocrx_word' id='word_1_222' title='bbox 983 3412 1018 3477; x_wconf 91' lang='lat' dir='ltr'>et</span> <span class='ocrx_word' id='word_1_223' title='bbox 1047 3405 1204 3500; x_wconf 87' lang='lat' dir='ltr'>argentei</span> <span class='ocrx_word' id='word_1_224' title='bbox 1226 3406 1386 3504; x_wconf 81' lang='lat' dir='ltr'>Septimii</span> <span class='ocrx_word' id='word_1_225' title='bbox 1414 3406 1532 3480; x_wconf 81' lang='lat' dir='ltr'>Severi</span> <span class='ocrx_word' id='word_1_226' title='bbox 1825 3400 1901 3473; x_wconf 87' lang='lat' dir='ltr'>VII</span> <span class='ocrx_word' id='word_1_227' title='bbox 1928 3397 1992 3497; x_wconf 79' lang='grc' dir='ltr'>Μ’,</span> <span class='ocrx_word' id='word_1_228' title='bbox 2016 3425 2076 3498; x_wconf 87' lang='lat' dir='ltr'>pg.</span> <span class='ocrx_word' id='word_1_229' title='bbox 2114 3402 2173 3475; x_wconf 77' lang='lat'>74.</span> 
     </span>
    </p>

    <p class='ocr_par' dir='ltr' id='par_1_8' title="bbox 567 3516 2173 3616">
     <span class='ocr_line' id='line_1_25' title="bbox 567 3516 2173 3616; baseline -0.002 -25"><span class='ocrx_word' id='word_1_230' title='bbox 567 3518 668 3592; x_wconf 88' lang='lat' dir='ltr'>Intra</span> <span class='ocrx_word' id='word_1_231' title='bbox 692 3543 804 3592; x_wconf 90' lang='lat' dir='ltr'>annos</span> <span class='ocrx_word' id='word_1_232' title='bbox 830 3522 1028 3593; x_wconf 84' lang='grc'>253-260</span> <span class='ocrx_word' id='word_1_233' title='bbox 1054 3545 1220 3594; x_wconf 92' lang='lat' dir='ltr'>nummus</span> <span class='ocrx_word' id='word_1_234' title='bbox 1245 3547 1374 3595; x_wconf 90' lang='lat' dir='ltr'>aeneus</span> <span class='ocrx_word' id='word_1_235' title='bbox 1400 3523 1580 3616; x_wconf 79' lang='lat' dir='ltr'>hogerum</span> <span class='ocrx_word' id='word_1_236' title='bbox 1820 3516 1896 3589; x_wconf 87' lang='lat' dir='ltr'>VII</span> <span class='ocrx_word' id='word_1_237' title='bbox 1924 3523 1988 3612; x_wconf 97' lang='grc' dir='ltr'>Μ’,</span> <span class='ocrx_word' id='word_1_238' title='bbox 2044 3573 2060 3609; x_wconf 89' lang='grc'><strong><em>,</em></strong></span> <span class='ocrx_word' id='word_1_239' title='bbox 2115 3518 2173 3589; x_wconf 79' lang='lat'>75.</span> 
     </span>
    </p>

    <p class='ocr_par' dir='ltr' id='par_1_9' title="bbox 569 3632 2173 3727">
     <span class='ocr_line' id='line_1_26' title="bbox 569 3632 2173 3727; baseline -0.001 -22"><span class='ocrx_word' id='word_1_240' title='bbox 569 3633 670 3706; x_wconf 90' lang='lat' dir='ltr'>Intra</span> <span class='ocrx_word' id='word_1_241' title='bbox 694 3658 806 3707; x_wconf 91' lang='lat' dir='ltr'>annos</span> <span class='ocrx_word' id='word_1_242' title='bbox 833 3637 1046 3708; x_wconf 64' lang='lat' dir='ltr'>acas-267</span> <span class='ocrx_word' id='word_1_243' title='bbox 1073 3660 1238 3709; x_wconf 91' lang='lat' dir='ltr'>nummus</span> <span class='ocrx_word' id='word_1_244' title='bbox 1264 3661 1391 3711; x_wconf 90' lang='lat' dir='ltr'>aureus</span> <span class='ocrx_word' id='word_1_245' title='bbox 1416 3635 1593 3710; x_wconf 81' lang='lat' dir='ltr'>Victorini</span> <span class='ocrx_word' id='word_1_246' title='bbox 1819 3632 1896 3705; x_wconf 84' lang='lat' dir='ltr'>VII</span> <span class='ocrx_word' id='word_1_247' title='bbox 1924 3634 1987 3727; x_wconf 93' lang='grc' dir='ltr'>Μ’,</span> <span class='ocrx_word' id='word_1_248' title='bbox 2044 3689 2059 3725; x_wconf 88' lang='grc'><strong><em>,</em></strong></span> <span class='ocrx_word' id='word_1_249' title='bbox 2115 3633 2173 3704; x_wconf 77' lang='grc'>75.</span> 
     </span>
    </p>

    <p class='ocr_par' dir='ltr' id='par_1_10' title="bbox 567 3747 2173 3851">
     <span class='ocr_line' id='line_1_27' title="bbox 567 3747 2173 3851; baseline -0.001 -29"><span class='ocrx_word' id='word_1_250' title='bbox 567 3750 668 3823; x_wconf 84' lang='lat' dir='ltr'>Istra</span> <span class='ocrx_word' id='word_1_251' title='bbox 693 3776 804 3826; x_wconf 91' lang='lat' dir='ltr'>annos</span> <span class='ocrx_word' id='word_1_252' title='bbox 832 3755 1027 3826; x_wconf 77' lang='grc'>312-337</span> <span class='ocrx_word' id='word_1_253' title='bbox 1055 3755 1235 3851; x_wconf 83' lang='lat' dir='ltr'>sardonyx</span> <span class='ocrx_word' id='word_1_254' title='bbox 1260 3755 1488 3828; x_wconf 84' lang='lat' dir='ltr'>Constantini</span> <span class='ocrx_word' id='word_1_255' title='bbox 1821 3749 1897 3821; x_wconf 88' lang='lat' dir='ltr'>VII</span> <span class='ocrx_word' id='word_1_256' title='bbox 1925 3747 1988 3844; x_wconf 86' lang='grc' dir='ltr'>Μ’,</span> <span class='ocrx_word' id='word_1_257' title='bbox 2043 3806 2059 3843; x_wconf 90' lang='lat'>„</span> <span class='ocrx_word' id='word_1_258' title='bbox 2114 3751 2173 3822; x_wconf 78' lang='lat'>75.</span> 
     </span>
    </p>

    <p class='ocr_par' dir='ltr' id='par_1_11' title="bbox 518 3864 2175 4313">
     <span class='ocr_line' id='line_1_28' title="bbox 569 3864 2173 3966; baseline -0.001 -27"><span class='ocrx_word' id='word_1_259' title='bbox 569 3866 637 3939; x_wconf 91' lang='lat' dir='ltr'>Per</span> <span class='ocrx_word' id='word_1_260' title='bbox 673 3868 792 3941; x_wconf 88' lang='lat' dir='ltr'>decem</span> <span class='ocrx_word' id='word_1_261' title='bbox 830 3869 940 3963; x_wconf 90' lang='lat' dir='ltr'>igitur</span> <span class='ocrx_word' id='word_1_262' title='bbox 978 3869 1095 3942; x_wconf 89' lang='lat' dir='ltr'>secula</span> <span class='ocrx_word' id='word_1_263' title='bbox 1131 3869 1190 3942; x_wconf 93' lang='lat' dir='ltr'>hic</span> <span class='ocrx_word' id='word_1_264' title='bbox 1228 3870 1405 3965; x_wconf 84' lang='lat' dir='ltr'>Gorgonis</span> <span class='ocrx_word' id='word_1_265' title='bbox 1442 3894 1570 3966; x_wconf 90' lang='lat' dir='ltr'>genera</span> <span class='ocrx_word' id='word_1_266' title='bbox 1595 3875 1701 3962; x_wconf 84' lang='lat' dir='ltr'>atque</span> <span class='ocrx_word' id='word_1_267' title='bbox 1725 3870 1857 3938; x_wconf 87' lang='lat' dir='ltr'>aetates</span> <span class='ocrx_word' id='word_1_268' title='bbox 1882 3864 2173 3962; x_wconf 83' lang='lat' dir='ltr'>computavimus,</span> 
     </span>
     <span class='ocr_line' id='line_1_29' title="bbox 519 3980 2175 4080; baseline -0.002 -26"><span class='ocrx_word' id='word_1_269' title='bbox 519 4005 632 4079; x_wconf 91' lang='lat' dir='ltr'>neque</span> <span class='ocrx_word' id='word_1_270' title='bbox 660 3984 788 4056; x_wconf 91' lang='lat' dir='ltr'>mirum</span> <span class='ocrx_word' id='word_1_271' title='bbox 813 3990 867 4057; x_wconf 91' lang='lat' dir='ltr'>est</span> <span class='ocrx_word' id='word_1_272' title='bbox 894 3986 987 4078; x_wconf 91' lang='lat' dir='ltr'>quod</span> <span class='ocrx_word' id='word_1_273' title='bbox 1016 3987 1248 4080; x_wconf 85' lang='lat' dir='ltr'>exsequenti</span> <span class='ocrx_word' id='word_1_274' title='bbox 1274 3986 1458 4060; x_wconf 87' lang='lat' dir='ltr'>millennio</span> <span class='ocrx_word' id='word_1_275' title='bbox 1485 3986 1573 4059; x_wconf 91' lang='lat' dir='ltr'>nihil</span> <span class='ocrx_word' id='word_1_276' title='bbox 1602 3981 1799 4056; x_wconf 83' lang='lat' dir='ltr'>invenerim</span> <span class='ocrx_word' id='word_1_277' title='bbox 1816 3980 1887 4053; x_wconf 93' lang='lat' dir='ltr'>nisi</span> <span class='ocrx_word' id='word_1_278' title='bbox 1900 3980 2057 4053; x_wconf 87' lang='lat' dir='ltr'>amuleta</span> <span class='ocrx_word' id='word_1_279' title='bbox 2070 4004 2175 4075; x_wconf 90' lang='lat' dir='ltr'>quse·</span> 
     </span>
     <span class='ocr_line' id='line_1_30' title="bbox 518 4096 2174 4197; baseline -0.002 -26"><span class='ocrx_word' id='word_1_280' title='bbox 518 4098 611 4194; x_wconf 87' lang='lat' dir='ltr'>dam,</span> <span class='ocrx_word' id='word_1_281' title='bbox 637 4099 673 4172; x_wconf 84' lang='lat' dir='ltr'><strong>V</strong></span> <span class='ocrx_word' id='word_1_282' title='bbox 698 4108 754 4194; x_wconf 82' lang='lat' dir='ltr'>3d,</span> <span class='ocrx_word' id='word_1_283' title='bbox 781 4124 839 4197; x_wconf 90' lang='lat' dir='ltr'>pg.</span> <span class='ocrx_word' id='word_1_284' title='bbox 869 4102 927 4196; x_wconf 87' lang='lat'>69,</span> <span class='ocrx_word' id='word_1_285' title='bbox 963 4124 1053 4197; x_wconf 89' lang='lat' dir='ltr'>quae</span> <span class='ocrx_word' id='word_1_286' title='bbox 1093 4101 1150 4174; x_wconf 88' lang='lat' dir='ltr'>vel</span> <span class='ocrx_word' id='word_1_287' title='bbox 1175 4126 1221 4175; x_wconf 83' lang='lat' dir='ltr'>ex</span> <span class='ocrx_word' id='word_1_288' title='bbox 1247 4103 1305 4176; x_wconf 89' lang='lat' dir='ltr'>IX</span> <span class='ocrx_word' id='word_1_289' title='bbox 1331 4111 1366 4176; x_wconf 90' lang='lat' dir='ltr'>et</span> <span class='ocrx_word' id='word_1_290' title='bbox 1392 4103 1490 4176; x_wconf 89' lang='lat' dir='ltr'>XIII</span> <span class='ocrx_word' id='word_1_291' title='bbox 1517 4101 1633 4176; x_wconf 90' lang='lat' dir='ltr'>seculo</span> <span class='ocrx_word' id='word_1_292' title='bbox 1658 4124 1734 4175; x_wconf 89' lang='lat' dir='ltr'>esse</span> <span class='ocrx_word' id='word_1_293' title='bbox 1759 4096 1935 4194; x_wconf 81' lang='lat' dir='ltr'>videntur,</span> <span class='ocrx_word' id='word_1_294' title='bbox 1962 4121 2056 4171; x_wconf 86' lang='lat' dir='ltr'>nova</span> <span class='ocrx_word' id='word_1_295' title='bbox 2079 4096 2174 4170; x_wconf 89' lang='lat' dir='ltr'>enim</span> 
     </span>
     <span class='ocr_line' id='line_1_31' title="bbox 520 4212 1706 4313; baseline 0.003 -28"><span class='ocrx_word' id='word_1_296' title='bbox 520 4212 643 4308; x_wconf 86' lang='lat' dir='ltr'>religio</span> <span class='ocrx_word' id='word_1_297' title='bbox 669 4237 778 4287; x_wconf 89' lang='lat' dir='ltr'>novas</span> <span class='ocrx_word' id='word_1_298' title='bbox 804 4215 976 4309; x_wconf 89' lang='lat' dir='ltr'>imagines</span> <span class='ocrx_word' id='word_1_299' title='bbox 1002 4239 1064 4313; x_wconf 93' lang='lat' dir='ltr'>pro</span> <span class='ocrx_word' id='word_1_300' title='bbox 1090 4217 1267 4291; x_wconf 83' lang='lat' dir='ltr'>veteribus</span> <span class='ocrx_word' id='word_1_301' title='bbox 1292 4217 1485 4313; x_wconf 89' lang='lat' dir='ltr'>gentilibus</span> <span class='ocrx_word' id='word_1_302' title='bbox 1510 4217 1706 4291; x_wconf 88' lang='lat' dir='ltr'>substituit.</span> 
     </span>
    </p>

    <p class='ocr_par' dir='ltr' id='par_1_12' title="bbox 519 4327 2174 4665">
     <span class='ocr_line' id='line_1_32' title="bbox 569 4327 2174 4430; baseline -0.002 -29"><span class='ocrx_word' id='word_1_303' title='bbox 569 4331 641 4401; x_wconf 86' lang='lat' dir='ltr'>Ars</span> <span class='ocrx_word' id='word_1_304' title='bbox 673 4338 791 4403; x_wconf 89' lang='lat' dir='ltr'>autem</span> <span class='ocrx_word' id='word_1_305' title='bbox 826 4330 1030 4404; x_wconf 83' lang='lat' dir='ltr'>Christiana</span> <span class='ocrx_word' id='word_1_306' title='bbox 1064 4331 1241 4427; x_wconf 83' lang='lat' dir='ltr'>Gorgonis</span> <span class='ocrx_word' id='word_1_307' title='bbox 1275 4332 1352 4406; x_wconf 92' lang='lat' dir='ltr'>loco</span> <span class='ocrx_word' id='word_1_308' title='bbox 1385 4333 1570 4430; x_wconf 85' lang='lat' dir='ltr'>Seraphim</span> <span class='ocrx_word' id='word_1_309' title='bbox 1603 4340 1638 4406; x_wconf 90' lang='lat' dir='ltr'>et</span> <span class='ocrx_word' id='word_1_310' title='bbox 1663 4330 1885 4427; x_wconf 87' lang='lat' dir='ltr'>Angelorum</span> <span class='ocrx_word' id='word_1_311' title='bbox 1910 4327 2084 4426; x_wconf 82' lang='lat' dir='ltr'>capitibus</span> <span class='ocrx_word' id='word_1_312' title='bbox 2109 4349 2174 4399; x_wconf 93' lang='lat' dir='ltr'>usa</span> 
     </span>
     <span class='ocr_line' id='line_1_33' title="bbox 519 4443 2174 4547; baseline -0.001 -31"><span class='ocrx_word' id='word_1_313' title='bbox 519 4466 595 4517; x_wconf 92' lang='lat' dir='ltr'>esse</span> <span class='ocrx_word' id='word_1_314' title='bbox 619 4446 757 4518; x_wconf 86' lang='lat' dir='ltr'>videtur</span> <span class='ocrx_word' id='word_1_315' title='bbox 781 4447 901 4542; x_wconf 90' lang='lat' dir='ltr'>donec,</span> <span class='ocrx_word' id='word_1_316' title='bbox 926 4449 1151 4545; x_wconf 88' lang='lat' dir='ltr'>antiquitatis</span> <span class='ocrx_word' id='word_1_317' title='bbox 1175 4450 1292 4522; x_wconf 88' lang='lat' dir='ltr'>studio</span> <span class='ocrx_word' id='word_1_318' title='bbox 1316 4451 1411 4547; x_wconf 89' lang='lat' dir='ltr'>apud</span> <span class='ocrx_word' id='word_1_319' title='bbox 1436 4450 1547 4523; x_wconf 86' lang='lat' dir='ltr'>Italos</span> <span class='ocrx_word' id='word_1_320' title='bbox 1573 4455 1707 4543; x_wconf 90' lang='lat' dir='ltr'>renato,</span> <span class='ocrx_word' id='word_1_321' title='bbox 1734 4446 1912 4542; x_wconf 84' lang='lat' dir='ltr'>Gorgonis</span> <span class='ocrx_word' id='word_1_322' title='bbox 1940 4443 2110 4517; x_wconf 89' lang='lat' dir='ltr'>memoria</span> <span class='ocrx_word' id='word_1_323' title='bbox 2134 4443 2174 4515; x_wconf 91' lang='lat' dir='ltr'>in</span> 
     </span>
     <span class='ocr_line' id='line_1_34' title="bbox 520 4562 2096 4665; baseline 0 -31"><span class='ocrx_word' id='word_1_324' title='bbox 520 4562 732 4637; x_wconf 87' lang='lat' dir='ltr'>caelatorum</span> <span class='ocrx_word' id='word_1_325' title='bbox 759 4564 1045 4662; x_wconf 88' lang='lat' dir='ltr'>sculptorumque</span> <span class='ocrx_word' id='word_1_326' title='bbox 1070 4565 1244 4663; x_wconf 87' lang='lat' dir='ltr'>operibus,</span> <span class='ocrx_word' id='word_1_327' title='bbox 1272 4568 1375 4640; x_wconf 84' lang='lat' dir='ltr'>novis</span> <span class='ocrx_word' id='word_1_328' title='bbox 1401 4569 1508 4665; x_wconf 85' lang='lat' dir='ltr'>typis,</span> <span class='ocrx_word' id='word_1_329' title='bbox 1536 4589 1608 4638; x_wconf 90' lang='lat' dir='ltr'>non</span> <span class='ocrx_word' id='word_1_330' title='bbox 1634 4565 1695 4638; x_wconf 92' lang='lat' dir='ltr'>hic</span> <span class='ocrx_word' id='word_1_331' title='bbox 1721 4563 1926 4660; x_wconf 88' lang='lat' dir='ltr'>tractandis,</span> <span class='ocrx_word' id='word_1_332' title='bbox 1954 4562 2096 4635; x_wconf 84' lang='lat' dir='ltr'>revixit.</span> 
     </span>
    </p>
   </div>
   <div class='ocr_carea' id='block_1_3' title="bbox 560 4781 2172 4866">
    <p class='ocr_par' dir='ltr' id='par_1_13' title="bbox 560 4781 2172 4866">
     <span class='ocr_line' id='line_1_35' title="bbox 560 4781 2172 4866; baseline 0.001 -26"><span class='ocrx_word' id='word_1_333' title='bbox 560 4784 581 4856; x_wconf 85' lang='lat'>¹)</span> <span class='ocrx_word' id='word_1_334' title='bbox 601 4781 672 4840; x_wconf 86' lang='lat' dir='ltr'>Vide</span> <span class='ocrx_word' id='word_1_335' title='bbox 679 4801 770 4841; x_wconf 83' lang='lat' dir='ltr'>annon</span> <span class='ocrx_word' id='word_1_336' title='bbox 783 4782 933 4859; x_wconf 88' lang='lat' dir='ltr'>legendum</span> <span class='ocrx_word' id='word_1_337' title='bbox 940 4783 977 4843; x_wconf 88' lang='lat' dir='ltr'>sit</span> <span class='ocrx_word' id='word_1_338' title='bbox 983 4787 1189 4843; x_wconf 83' lang='grc' dir='ltr'>ΑΛΕΞΙΑΝΟΥ</span> <span class='ocrx_word' id='word_1_339' title='bbox 1195 4784 1361 4846; x_wconf 86' lang='lat' dir='ltr'>utilleidem</span> <span class='ocrx_word' id='word_1_340' title='bbox 1367 4786 1404 4846; x_wconf 85' lang='lat' dir='ltr'>sit</span> <span class='ocrx_word' id='word_1_341' title='bbox 1410 4786 1459 4866; x_wconf 89' lang='lat' dir='ltr'>qui</span> <span class='ocrx_word' id='word_1_342' title='bbox 1466 4805 1539 4847; x_wconf 85' lang='lat' dir='ltr'>anno</span> <span class='ocrx_word' id='word_1_343' title='bbox 1547 4790 1602 4847; x_wconf 90' lang='grc'>221</span> <span class='ocrx_word' id='word_1_344' title='bbox 1611 4787 1653 4847; x_wconf 85' lang='grc' dir='ltr'>Μ.</span> <span class='ocrx_word' id='word_1_345' title='bbox 1660 4785 1790 4847; x_wconf 84' lang='lat' dir='ltr'>Aurelius</span> <span class='ocrx_word' id='word_1_346' title='bbox 1796 4784 1955 4845; x_wconf 83' lang='lat' dir='ltr'>Alexander</span> <span class='ocrx_word' id='word_1_347' title='bbox 1961 4782 2116 4863; x_wconf 77' lang='lat' dir='ltr'>appellatus</span> <span class='ocrx_word' id='word_1_348' title='bbox 2122 4787 2172 4842; x_wconf 87' lang='lat' dir='ltr'>est.</span> 
     </span>
    </p>
   </div>
   <div class='ocr_carea' id='block_1_4' title="bbox 1205 5063 1503 5077">
    <p class='ocr_par' dir='ltr' id='par_1_14' title="bbox 1205 5063 1503 5077">
     <span class='ocr_line' id='line_1_36' title="bbox 1205 5063 1503 5077; baseline 0.01 -3"><span class='ocrx_word' id='word_1_349' title='bbox 1205 5063 1503 5077; x_wconf 51' lang='lat' dir='ltr'>m</span> 
     </span>
    </p>
   </div>
   <div class='ocr_carea' id='block_1_5' title="bbox 0 0 2410 6388">
    <p class='ocr_par' dir='ltr' id='par_1_15' title="bbox 0 0 2410 6388">
     <span class='ocr_line' id='line_1_37' title="bbox 0 0 2410 6388; baseline 0 0"><span class='ocrx_word' id='word_1_350' title='bbox 0 0 2410 6388; x_wconf 95' lang='lat' dir='ltr'> </span> 
     </span>
    </p>
   </div>
  </div>
 </body>
</html>
