4808 6390
1072 612 1120 684 85

263 832 365 906 Inter
407 830 510 928 signa
547 828 817 926 Cyzicenorum,
860 851 962 925 saepe
999 828 1044 901 ad
1082 826 1283 924 exemplum
1309 826 1512 899 Atticarum
1538 833 1735 900 statuarum
1761 826 1855 900 lacta
1882 828 1922 918 ¹),

262 949 411 1023 Perseus
450 953 568 1022 exsut
604 947 734 1042 nudus,
773 945 875 1041 galea
913 946 952 1016 in
990 944 1105 1042 capite
1144 944 1274 1041 gryphi
1307 943 1489 1017 desinente
1522 944 1557 1018 d.
1591 943 1737 1042 harpen,
1762 968 1791 1020 s.
1817 953 1923 1042 eaput

263 1065 441 1163 Gorgonis
479 1073 615 1139 tenens.
653 1063 819 1160 (Borrell,
854 1063 962 1136 Num.
991 1061 1123 1137 Chrou.
1150 1061 1673 1161 Vng.150;Brandispg.
1701 1064 1800 1158 406).
1852 1062 1923 1136 Ηὶο

262 1190 381 1257 tamen
418 1207 512 1278 genu
541 1184 574 1255 d.
610 1182 649 1254 in
683 1181 821 1278 thynno
857 1179 996 1273 nititur,
1033 1178 1125 1251 nihil
1162 1178 1272 1273 igitur
1306 1178 1437 1252 artifex
1470 1179 1666 1276 Cyzicenus
1701 1181 1770 1254 nisi
1809 1179 1924 1279 operis

261 1300 450 1374 consilium
476 1299 612 1373 Mironi
636 1299 759 1372 debuit
775 1297 816 1385 ²).

313 1413 382 1487 Sed
421 1415 464 1487 ad
504 1414 700 1487 Pindarum
737 1419 966 1486 revertamur.
1010 1412 1160 1506 Angues
1186 1411 1219 1485 ei
1245 1411 1399 1485 crinium
1425 1412 1502 1486 loco
1527 1419 1612 1486 sunt
1637 1412 1742 1487 utin
1769 1408 1926 1485 nummis

266 1531 581 1628 contemporaneis,
608 1530 830 1626 Phocaicis?,
856 1529 1007 1624 Lesbiis,
1034 1528 1222 1626 Abydenis
1248 1526 1295 1597 δι’
1320 1552 1347 1624 s,
1375 1561 1400 1620 ς
1425 1553 1484 1627 pg.
1513 1532 1573 1627 34,
1598 1531 1657 1626 33,
1686 1531 1745 1602 37.

313 1647 437 1743 Neque
471 1647 575 1721 aliter
613 1647 796 1742 Gorgones
831 1646 1073 1718 discribuntur
1106 1646 1151 1718 ab
1186 1645 1359 1742 Aeschyli
1392 1646 1602 1720 Prometheo
1637 1646 1711 1743 qui,
1737 1651 1924 1743 postquam

263 1762 397 1837 Graeas
421 1763 639 1858 memoravit,
666 1762 799 1861 pergit:

264 1903 297 1952 v.
326 1879 397 1951 188
633 1875 753 1958 πέλας
777 1871 812 1946 δ’
826 1869 993 1964 ἀδελφαὶ
1018 1868 1139 1946 τῶνδε
1161 1884 1261 1964 τρεῖς
1286 1876 1518 1967 κατάπτεροι

637 1986 1049 2082 δρακοντόμαλλοι
1075 1988 1266 2084 Γοργόνες
1290 1988 1580 2085 βροτοστυγεῖς·

264 2129 376 2200 neque
402 2103 506 2177 aliter
531 2102 648 2176 Oresti
674 2102 802 2175 Furiae
827 2110 998 2198 apparent
1027 2100 1198 2198 (Ghoeph.
1224 2126 1259 2174 v.
1288 2103 1398 2198 1048)
1424 2100 1632 2194 Γοργόνων
1656 2093 1768 2187 δίκην

735 2217 998 2308 φαιοχίτωνες
1023 2213 1093 2286 καί
1115 2215 1464 2305 πεπλεκτανημεναι

732 2339 893 2411 πυκνοῖς
919 2322 1140 2422 δράκουσιν.

316 2438 602 2535 Φαιοχίτωνες,
629 2439 729 2514 fusca
754 2448 862 2536 veste,
889 2440 1074 2536 Gorgones
1099 2463 1191 2535 quae
1215 2441 1254 2513 iu
1288 2441 1382 2513 rasis
1428 2448 1619 2514 occurrunt
1644 2463 1716 2512 non
1740 2445 1834 2511 reete
1857 2436 1928 2510 dici

264 2555 478 2650 viderentur,
506 2579 608 2653 saepe
635 2557 729 2629 enim
755 2580 877 2630 earum
904 2563 1019 2630 vestes
1045 2563 1108 2628 aut
1134 2579 1200 2628 acu
1222 2557 1347 2654 pictae,
1376 2564 1440 2629 aut
1457 2580 1614 2654 purpura
1627 2556 1815 2628 distinctae
1829 2561 1924 2627 sunt.

263 2673 404 2747 Chorus
430 2673 621 2746 Furiarum
647 2672 714 2746 alis
740 2674 935 2747 instructus
961 2698 1035 2747 non
1061 2673 1130 2748 fuit
1155 2682 1265 2746 ulex
1290 2675 1569 2747 Eumenidarum
1593 2697 1699 2747 versu
1712 2675 1757 2746 51
1777 2679 1928 2745 constet.

314 2789 373 2862 Ex
398 2788 610 2886 Pherecyde,
638 2790 699 2884 qui
726 2790 908 2886 proximus
934 2790 1103 2886 sequitur,
1130 2812 1150 2861 e
1175 2790 1277 2862 cuius
1303 2813 1405 2887 opere
1431 2789 1666 2885 fragmentum
1681 2789 1767 2862 satis
1780 2788 1927 2883 longum

267 2904 369 2977 nobis
406 2903 612 2977 scholiastes
649 2904 694 2977 ad
730 2906 964 3003 Apollonium
991 2905 1174 2978 Rhodium
1194 2905 1276 3001 (IV.
1306 2907 1417 3001 1515)
1443 2905 1611 3002 servarit,
1638 2905 1729 2978 nihil
1754 2904 1923 2978 discimus

265 3021 336 3095 nisi
371 3020 463 3116 quod
501 3021 559 3093 hic
585 3023 731 3119 primus,
766 3031 846 3119 post
880 3023 1113 3121 Aeschylum,
1143 3016 1183 3092 iv
1209 3021 1378 3114 Φορκίσι
1405 3024 1664 3116 (Eratosthenis
1690 3023 1823 3097 (latest.
1852 3023 1927 3117 22),

266 3137 400 3234 harpen
439 3138 700 3234 memoraverit,
727 3162 801 3210 non
825 3138 1008 3212 humatum
1045 3140 1148 3213 illum
1174 3164 1293 3213 ensem
1320 3163 1528 3235 quousque
1554 3137 1929 3211 adhuncdiemele·

268 3254 483 3352 phantomm
519 3260 669 3327 rectores
707 3255 801 3353 apud
827 3256 936 3328 Indos
964 3257 1094 3330 muniti
1122 3265 1217 3352 sunt,
1244 3281 1347 3352 quem
1374 3257 1524 3329 Perseus
1551 3263 1703 3329 exeunte
1726 3254 1843 3327 seculo
1870 3253 1927 3326 lv

266 3371 357 3466 gerit
394 3371 489 3465 (vide
528 3371 720 3466 Loeschhe,
759 3371 871 3445 Arch.
911 3373 999 3446 Zeit.
1037 3375 1130 3445 1881
1159 3397 1217 3470 pg.
1246 3375 1319 3468 30),
1346 3396 1469 3446 verum
1495 3371 1622 3444 falcem
1648 3370 1749 3443 cuius
1773 3371 1928 3467 primum

266 3485 468 3583 exemplum
506 3486 586 3558 vide
624 3488 690 3559 sub
730 3486 790 3560 ΙΙΙ
833 3497 873 3565 1ο
895 3511 952 3584 pg.
983 3490 1040 3561 12.
1067 3488 1200 3562 Eadem
1225 3489 1382 3561 narratio
1409 3488 1490 3561 aliis
1517 3487 1635 3560 verbis
1661 3486 1808 3559 recurrit
1833 3487 1927 3583 apud

268 3603 523 3701 Apollodorum
564 3604 673 3698 (Bibl.
699 3604 751 3679 ΙΙ.
780 3607 814 3678 4.
844 3608 861 3676 1
890 3613 994 3701 squ),
1033 3606 1095 3701 qui
1138 3606 1399 3702 discriptionem
1445 3604 1652 3698 Gorgonum
1689 3604 1839 3676 inseruit
1871 3603 1928 3676 his

267 3719 405 3794 uerbis:
445 3712 558 3809 εἶχον
584 3712 624 3787 δὲ
649 3724 693 3787 αἱ
716 3722 753 3788 Γ
751 3718 907 3813 οργόνες
931 3717 1101 3807 κεφαλάς
1124 3720 1196 3808 μὲν
1220 3721 1579 3813 περιεσπειραμένας
1605 3714 1739 3802 φολίσι
1765 3710 1928 3810 δρακόν-

266 3861 353 3920 των,
402 3829 571 3917 ὀδόντας
609 3829 648 3905 δὲ
684 3835 875 3929 μεγάλους
913 3835 965 3918 ὡς
1002 3840 1117 3915 συῶν,
1161 3836 1230 3907 καί
1271 3847 1409 3928 χεῖρας
1446 3834 1601 3927 χαλκᾶς
1637 3833 1706 3902 καί
1741 3836 1929 3928 πτέρυγας

266 3951 467 4041 [χροσᾰς],
504 3940 559 4016 δι’
584 3931 639 4017 ὧν
673 3947 864 4018 ἐπέτοντο·
891 3946 982 4028 τοὺς
1006 3940 1046 4016 δὲ
1071 3941 1233 4030 ἰδόντας
1253 3947 1387 4029 λίθους
1408 3944 1572 4017 ἐποίουν.
1623 3947 1737 4021 Uncis
1774 3948 1931 4040 χρυσᾶς

266 4065 414 4138 verbum
440 4063 575 4136 includi
601 4064 693 4159 quod
720 4064 932 4138 scholiastes
949 4065 993 4137 ad
1020 4063 1238 4161 Aeschylum
1263 4066 1395 4156 (Prom.
1422 4090 1455 4137 v.
1473 4066 1559 4154 793)
1574 4065 1609 4137 id
1624 4065 1780 4138 nondum
1793 4064 1921 4160 legisse

272 4218 314 4227 ια·

305 4299 327 4373 ι)
346 4298 555 4376 Tyrannoctoni
575 4298 644 4357 editi
664 4306 730 4358 sunt
750 4301 827 4378 apud
845 4301 975 4362 Gardner
993 4305 1086 4382 Types
1106 4304 1164 4362 tab.
1184 4302 1220 4362 X.
1241 4307 1276 4374 43
1296 4303 1426 4381 Cecrops,
1446 4304 1576 4363 Gardner
1597 4305 1618 4365 l.
1637 4305 1657 4362 l.
1678 4307 1706 4372 1,
1726 4301 1813 4360 Num.
1824 4300 1929 4360 Ohron.

267 4390 304 4448 N.
325 4392 354 4450 S.
374 4391 445 4451 XVI
464 4392 522 4451 tab.
545 4396 571 4451 8.
593 4396 639 4463 14,
661 4397 696 4452 15
718 4400 745 4452 et
764 4395 860 4454 Tellus
881 4416 955 4474 quae
974 4396 1195 4456 Erichthonium
1214 4397 1325 4476 peperit
1354 4399 1428 4474 (eet.
1448 4389 1588 4476 Bompois
1607 4397 1645 4456 N.
1665 4398 1754 4472 lars)
1774 4415 1809 4453 ex
1827 4393 1930 4454 Atticis

266 4485 455 4544 monumentis
485 4486 554 4545 satis
585 4486 645 4545 noti
674 4493 741 4545 sunt
769 4493 797 4545 et
827 4488 919 4559 (lares,
951 4489 1119 4548 draconibus
1153 4489 1234 4549 aletis
1263 4495 1350 4560 vecta,
1379 4491 1486 4566 (Bevus
1505 4490 1593 4548 Num.
1614 4492 1689 4548 135ss
1709 4488 1766 4546 tab.
1787 4491 1814 4546 2.
1835 4490 1865 4562 7)
1884 4486 1931 4545 vix

267 4577 381 4638 aliunde
400 4598 485 4656 quam
505 4598 540 4637 ex
558 4579 653 4639 Attica
672 4581 758 4658 petita
779 4586 829 4640 est.

306 4677 329 4748 Β)
349 4673 423 4731 Fieri
452 4678 547 4750 potest
571 4680 604 4732 ut
623 4675 738 4752 propius
758 4677 900 4736 accederet
915 4678 1032 4737 Perseus
1052 4698 1075 4738 s.
1096 4698 1219 4750 currens,
1239 4679 1269 4739 in
1289 4680 1402 4758 Seriphi
1423 4698 1541 4738 nummo
1561 4696 1646 4736 aeneo
1669 4679 1695 4748 3,
1715 4695 1762 4753 pg.
1783 4680 1828 4734 64.
1858 4675 1931 4751 (Oa-

268 4765 384 4825 dtlvbue
404 4767 459 4825 tab.
480 4771 507 4824 4.
529 4769 568 4842 7).
589 4767 732 4827 Nummus
751 4769 825 4828 enlm
844 4776 991 4848 argenteus
1003 4776 1174 4830 ΒΑΣΙΛΕΩΣ
1185 4777 1410 4831 ΜΙΘΡΑΔΑΤΟΥ
1420 4776 1643 4831 ΦΙΛΟΠΑΤΟΡΟΣ
1654 4774 1930 4829 ΚΑΙΦΙΛΑΔΕΛΦΟΥ

268 4859 348 4935 (Zeit.
378 4861 397 4918 l.
418 4860 506 4920 Num.
526 4880 572 4938 pg.
592 4864 670 4938 232),
692 4864 770 4922 aenei
788 4864 935 4935 Amastris,
955 4865 1056 4937 Amisi,
1086 4864 1266 4938 Cabcromm,
1297 4868 1487 4926 comanorum
1506 4873 1533 4924 et
1550 4865 1670 4942 Sinopae
1699 4863 1833 4939 (llokbel,
1847 4865 1930 4927 Dect.

268 4954 357 5015 Num.
383 4955 414 5014 II
439 4975 487 5034 pg.
508 4960 580 5027 341;
608 4957 685 5018 Mus.
715 4960 790 5019 Brit.
817 4960 873 5019 tab.
895 4965 923 5020 9.
943 4964 970 5031 3,
991 4965 1024 5032 4;
1055 4962 1151 5034 Beuld,
1177 4964 1257 5023 Mon.
1285 4963 1393 5023 d'Ath.
1413 4983 1460 5041 pg.
1482 4965 1531 5037 92)
1552 4966 1579 5020 et
1602 4968 1756 5025 ΙΚΟΝΙέων
1776 4961 1930 5037 (Mionnet,

266 5049 296 5108 S.
316 5049 376 5108 VII
395 5051 452 5109 tab.
474 5055 500 5110 b.
522 5055 551 5127 6)
581 5052 713 5112 Perseum
741 5055 866 5133 qnidam,
896 5062 981 5136 caput
1012 5056 1150 5117 Medusae
1179 5064 1329 5129 tenentem,
1352 5058 1519 5136 impressum
1548 5057 1652 5116 habeut
1682 5055 1731 5114 sed
1761 5055 1829 5114 artis
1848 5055 1932 5131 louge

272 5144 366 5204 minus
385 5146 524 5224 antiquas.
