4898 6420
1305 613 1352 684 66

491 822 526 861 ·’
598 818 765 918 Acheloo,
792 834 950 920 ancta,
976 825 1077 898 ouius
1102 833 1209 924 caput
1235 827 1401 923 imberba,
1433 827 1599 900 cornibus
1613 824 1788 911 vitulinis,
1803 827 1949 900 auribus
1962 825 2115 900 leoninis
2128 829 2158 922 1,

598 938 755 1010 crinibus
782 940 895 1036 passis
923 939 1120 1016 diademate
1147 943 1285 1042 cinctis,
1313 952 1354 1017 ut
1379 952 1486 1042 eaput
1511 943 1689 1040 Gorgonis
1703 946 1741 1017 iu
1759 945 1915 1019 nummis
1929 944 2157 1042 Populoniae,

597 1056 829 1154 conspicuum
854 1065 919 1132 est.

647 1172 777 1246 Itidem
811 1172 895 1247 huie
927 1174 1083 1251 familiae
1119 1179 1341 1253 adscribendi
1371 1185 1477 1254 eruut
1501 1180 1639 1251 nummi
1664 1178 1885 1253 Rhodiorum
1910 1178 1941 1251 si
1965 1179 2028 1275 qui
2052 1186 2160 1276 caput

601 1289 779 1385 Gorgonis
816 1289 997 1365 exhibent.
1038 1292 1161 1367 Solent
1196 1295 1292 1368 enim
1317 1302 1425 1394 caput
1447 1294 1552 1392 Solis,
1579 1295 1740 1368 crinibus
1769 1294 1894 1392 passis,
1922 1318 2025 1393 saepe
2049 1294 2159 1370 radiis

598 1407 855 1481 circumdatum
894 1408 1034 1505 habere,
1079 1413 1140 1486 sed
1173 1414 1354 1488 interdum
1388 1413 1461 1487 leni
1493 1413 1692 1487 mutatione
1728 1419 1834 1510 eaput
1859 1411 1948 1486 illud
1982 1413 2159 1510 Gorgonis

595 1523 729 1597 iactum
754 1548 829 1597 esse
854 1525 1004 1599 videtur.
1056 1529 1222 1628 Exempli
1247 1531 1374 1626 gratia:

499 1641 545 1708 ld
604 1644 622 1714 1
651 1642 737 1739 Gap.
765 1641 942 1737 Gorgonis
968 1645 1047 1717 adv.
1076 1646 1119 1718 ad
1146 1649 1226 1743 sin,
1253 1650 1341 1721 criu.
1370 1670 1458 1745 quos
1481 1648 1520 1719 in
1546 1647 1720 1741 anguium
1744 1647 1875 1720 caudas
1900 1648 1998 1722 exire
2013 1647 2156 1746 dixeris,

597 1759 664 1830 sub
690 1764 809 1830 mento
835 1758 927 1832 nodo
953 1762 1125 1856 anguium
1139 1765 1166 1836 1.

597 1877 628 1970 )(
652 1875 737 1948 Flos
762 1898 865 1969 quem
893 1875 960 1948 viri
986 1877 1079 1950 docti
1106 1903 1221 1952 rosam
1247 1886 1309 1952 aut
1324 1877 1538 1951 balaustium
1555 1877 1670 1951 dicere
1683 1879 1809 1974 solent,
1826 1878 1865 1950 iu
1878 1901 1960 1950 area
1973 1878 2156 1975 caducam,

599 1983 792 2087 e-odlov,
820 2009 992 2066 AlNHmP.

599 2114 639 2181 dl
670 2112 726 2182 16.
756 2111 841 2182 259
869 2109 959 2183 0011.
989 2110 1064 2184 six.

647 2227 774 2323 Neque
800 2235 918 2300 tamen
930 2227 1024 2301 hanc
1037 2229 1238 2325 Gorgonem
1250 2252 1326 2302 esse
1339 2229 1426 2301 mihi
1439 2233 1532 2302 esset
1543 2252 1759 2326 persuasum,
1775 2228 1847 2300 nisi
1863 2227 1961 2301 aliud
1976 2227 2155 2301 accederet

497 2342 620 2433 (vna
648 2342 733 2440 Gap.
761 2342 935 2437 Gorgonis
961 2344 1041 2415 adv.
1070 2345 1115 2416 ad
1140 2345 1173 2416 d.
1202 2344 1272 2417 fere
1286 2344 1389 2440 idern,
1405 2345 1482 2417 sine
1495 2344 1667 2438 anguium
1681 2343 1784 2439 uodo,
1798 2367 1922 2416 verum
1939 2344 2057 2440 parvis
2077 2343 2155 2418 alis.

499 2459 557 2551 ld)
595 2462 626 2555 )(
649 2460 744 2555 Flos,
783 2461 821 2531 iu
855 2484 937 2532 area
972 2459 1088 2557 stella,
1114 2453 1308 2557 Ρ-οδίων,
1344 2459 2157 2555 1510511585ΓοΡΓοΣ,11115Μ151111511Π

596 2601 655 2673 pg.
682 2578 755 2649 418
780 2576 828 2649 N.
859 2578 954 2671 162),
981 2577 1113 2650 circum
1139 2579 1282 2652 mouile.

595 2697 635 2764 dl
664 2694 722 2766 22.
750 2695 835 2765 aaa
861 2693 957 2767 Mus.
984 2695 1137 2768 Hunter.
1166 2696 1240 2768 tab.
1267 2698 1326 2767 45.
1356 2698 1389 2766 5.

644 2810 833 2883 Aenetoris
859 2833 987 2884 nomeu
1013 2814 1162 2886 recurrit
1187 2815 1225 2886 iu
1251 2811 1520 2886 tetradraohmis
1545 2810 1696 2884 Rhodiis
1722 2832 1802 2882 cum
1828 2811 1922 2908 typis
1949 2808 2155 2906 Alexandri,

597 2923 720 2998 classis
747 2924 803 2997 VI
827 2925 983 3023 Miilleri,
1012 2953 1115 3026 quae,
1143 2930 1247 3003 rebus
1273 2929 1494 3003 Rhodiorum
1519 2926 1738 3021 florentibus,
1767 2928 1833 2999 sub
1860 2950 1967 3022 regno
1985 2926 2156 3000 Antiochi

594 3040 651 3113 IV
689 3064 773 3113 cusa
812 3049 897 3114 suut
938 3052 978 3116 ut
1016 3069 1060 3119 ex
1101 3047 1354 3144 compositione
1389 3045 1572 3119 thensauri
1606 3044 1849 3140 Laodicensis,
1877 3066 1971 3117 anuo
2000 3046 2095 3116 1759
2122 3070 2156 3142 p.

594 3156 678 3231 Chr.
717 3182 752 3231 u.
792 3160 932 3257 reperti,
972 3162 1132 3261 discripti
1171 3165 1264 3262 apud
1302 3163 1459 3237 Pelleriu
1498 3163 1696 3258 (Melanges
1723 3161 1741 3234 l
1773 3185 1830 3258 pg.
1865 3163 1934 3233 104
1948 3160 2052 3256 sqq.),
2079 3160 2158 3235 luce

593 3274 724 3348 clarius
749 3285 906 3374 apparet.
937 3279 1035 3353 Anto
1061 3305 1197 3354 annum
1224 3283 1335 3378 igitur
1363 3284 1435 3355 164
1456 3306 1489 3356 5.
1517 3280 1600 3354 Ghr.
1627 3305 1664 3353 n.
1691 3279 1786 3352 edita
1809 3286 1844 3351 et
1870 3279 2010 3353 defossa
2035 3287 2130 3354 sunt.

645 3394 689 3466 In
716 3394 782 3467 hac
808 3394 946 3468 familia
972 3396 1117 3494 plurimi
1145 3399 1253 3472 Asiae
1278 3406 1314 3472 et
1340 3398 1540 3472 insularum
1570 3396 1707 3470 nummi
1734 3395 1938 3469 recensendi
1961 3403 2056 3468 suut.

651 3511 711 3586 Ab
751 3512 865 3584 Aradi
905 3537 1049 3586 nummo
1090 3516 1205 3614 incepi
1241 3517 1334 3611 quod
1372 3517 1457 3614 ipse,
1484 3522 1577 3587 certo
1603 3537 1698 3586 anuo
1723 3513 1973 3609 adsignandus,
2007 3519 2157 3587 aetatem

596 3650 818 3700 nummorum
844 3629 1071 3727 Astypaleae,
1104 3632 1262 3727 Mucoui,
1287 3633 1450 3706 Eteuuee
1476 3638 1511 3704 et
1531 3631 1651 3726 Selges
1676 3653 1748 3703 uon
1774 3629 1866 3703 male
1891 3629 2024 3703 definit.
2051 3631 2157 3704 Anno

596 3744 690 3817 enim
717 3745 830 3818 Aradi
860 3747 942 3841 149,
971 3747 994 3820 1.
1023 3772 1053 3820 e.
1083 3750 1154 3822 110
1181 3756 1265 3822 aute
1291 3749 1375 3823 Chr.
1402 3774 1452 3844 11.,
1480 3771 1585 3821 casus
1611 3753 1675 3820 est.

604 3861 690 3959 Gap.
731 3861 906 3957 Gorgonis
933 3864 1012 3939 adv.
1039 3865 1083 3938 ad
1109 3866 1156 3962 d.,
1184 3868 1271 3940 crin.
1301 3868 1530 3962 brevioribus,
1559 3866 1651 3938 iuter
1676 3887 1763 3960 quos
1789 3865 1829 3938 II
1843 3864 2014 3960 anguium
2029 3864 2155 3961 capita,

598 3979 730 4052 circum
755 3978 897 4052 monile.

597 4098 627 4191 )(
652 4094 834 4193 Aplustro,
863 4114 922 4166 Bc
950 4125 992 4160 =
1019 4094 1052 4186 β
1078 4139 1120 4150 -
1146 4123 1169 4180 ς
1194 4109 1336 4190 (nomeu
1362 4102 1615 4197 magistratus),
1642 4122 1735 4166 a:
1763 4094 1817 4197 51,
1845 4116 1919 4169 one
1946 4126 1989 4161 =
2025 4102 2105 4173 149.

597 4216 638 4286 lli
668 4214 724 4285 11.
755 4214 957 4289 1101115.
986 4215 1087 4289 Gaea.
1117 4217 1340 4315 Vindobon,
1370 4221 1451 4291 111
1467 4217 1786 4315 (iolldeLuynes3
1813 4219 1847 4306 5?
1860 4223 1896 4288 et
1910 4216 1946 4286 a?
1959 4215 2052 4290 Mus.
2066 4215 2155 4289 Brit.

646 4328 895 4425 Astypalaeao.

600 4444 733 4542 lGap.
774 4445 951 4542 Gorgonis
990 4447 1118 4541 simile,
1161 4445 2156 4546 115115.5155115155111111115555115,(Αῑτγπαλαι’ων

597 4560 709 4635 Mion.
737 4560 772 4635 S.
800 4561 855 4635 Vl
881 4588 939 4660 pg.
974 4564 1058 4636 563.
1086 4565 1135 4659 2).

597 4679 627 4772 )(
653 4679 768 4776 Caput
794 4680 828 4754 d.
854 4682 986 4778 Persei,
1013 4681 1115 4777 galea
1142 4683 1310 4782 Phrygia,
1339 4688 1375 4759 iu
1402 4708 1521 4760 umero
1548 4684 1643 4758 ensis
1669 4684 1843 4758 hamatus.

598 4795 647 4868 AE
675 4798 732 4870 14.
761 4799 962 4874 5300111.
989 4800 1063 4874 six.

598 4912 621 4983 2
647 4910 734 5010 Cap.
762 4914 940 5011 Gorgonis
966 4916 1095 5012 simile,
1123 4917 1216 4992 adv..

595 5030 626 5124 )(
650 5029 757 5104 Ensis
776 5031 952 5132 hamatus,
966 5034 1005 5106 iu
1019 5058 1069 5107 ar.
1084 5058 1173 5132 car,
1188 5035 1383 5130 (interdum
1408 5056 1464 5134 ΑΣ,
1490 5036 1604 5111 Mion.
1619 5035 1671 5110 ·S.
1686 5035 1742 5109 VI
1756 5058 1814 5133 pg.
1831 5035 1914 5108 563.
1933 5037 1964 5129 l,
1978 5032 2155 5105 interdum

598 5143 886 5246 Αῑτγπαλαίων,
913 5151 1024 5224 Mion.
1052 5149 1087 5224 S.
1116 5151 1162 5226 V.
1190 5176 1248 5250 pg.
1276 5155 1360 5228 296.
1388 5153 1588 5251 93;Β51511,
1604 5154 1713 5229 Num.
1729 5153 1860 5228 Ghron.
1876 5152 2005 5249 Ing.
2021 5152 2104 5224 163.
2121 5151 2154 5224 1.
