4808 6390
1188 651 1209 722 7

464 869 494 962 )(
519 867 636 965 Caput
670 867 705 940 d.
747 866 928 939 Minervae
961 865 1062 961 galea
1100 865 1222 939 Attica
1252 864 1407 959 cristata,
1442 863 1555 937 tribus
1591 864 1687 938 foliis
1724 876 1859 961 ornata,
1897 866 1936 939 in
1961 890 2023 963 qu.

465 985 536 1057 inc.
568 979 849 1079 ε-(Σ1)τλέγιιος
875 982 915 1076 1).

467 1106 507 1174 lli
537 1102 657 1191 12l10.
687 1104 769 1174 1.-
796 1100 886 1174 Ooll.
915 1099 990 1173 Six.

516 1217 670 1314 Ceteros,
706 1243 793 1316 quos
830 1242 950 1292 omnes
983 1239 1252 1290 commemorare
1286 1240 1357 1288 non
1384 1240 1499 1289 meum
1532 1223 1596 1312 est,
1639 1239 1727 1312 quos
1761 1226 1879 1290 tamen
1917 1217 2023 1290 verbo

466 1333 657 1406 meminero
695 1336 761 1408 sub
796 1333 856 1407 ΙΙΙ
889 1333 942 1429 14,
979 1333 1059 1406 vide
1080 1332 1173 1429 apud
1199 1330 1349 1426 Imhoof‚
1376 1331 1526 1405 Zeitsoh.
1553 1332 1578 1406 1.
1606 1330 1714 1405 Num.
1745 1334 1839 1406 lars
1866 1358 1922 1430 pg.
1953 1335 2023 1405 135

467 1449 654 1546 116-13,
685 1454 842 1524 15-17,

1097 1622 1220 1676 onnus
1246 1603 1296 1676 ΙΙ.

516 1770 623 1845 Suam
650 1773 718 1845 sibi
744 1772 872 1846 habeat
897 1780 1037 1869 gentem

466 1887 585 1984 Gorgo
610 1889 757 1963 adversa
783 1891 932 1987 pedibus
957 1897 1155 1963 extrorsum
1180 1889 1290 1962 versis
1316 1887 1416 1960 humi
1441 1887 1576 1982 sedens,
1604 1895 1751 1982 utraque
1768 1911 1877 1960 0000
1888 1887 2024 1960 leonem

474 2005 714 2102 strangulans,
752 2017 850 2081 reste
888 2009 996 2104 brevi,
1024 2009 1111 2103 ling.
1138 2031 1224 2102 exa,
1251 2008 1343 2080 rictu
1367 2005 1515 2099 modico,
1542 2004 1637 2078 dent.
1664 2004 1767 2078 hodie
1792 2004 1913 2100 nullis,
1940 2004 2051 2078 olim

468 2122 614 2195 fortasse
640 2124 816 2218 argenteis
841 2133 904 2199 aut
929 2126 1103 2218 eburneis,
1131 2147 1248 2218 magn.
1275 2122 1406 2218 buccis,
1433 2120 1544 2193 oculis
1569 2120 1700 2217 parvis,
1726 2144 1802 2192 aur.
1819 2120 1889 2192 alte
1902 2120 2025 2218 positis

467 2264 577 2337 paru,
604 2241 690 2313 criu.
718 2242 808 2315 med.
835 2242 906 2316 div.
933 2244 971 2314 in
998 2243 1127 2336 gradus
1153 2240 1310 2314 formatis
1337 2241 1381 2312 ab
1407 2246 1558 2334 utraque
1585 2245 1684 2334 parte
1710 2238 1957 2311 defluentibus.

516 2355 1423 2455 10100000100000000000Ρο1001001000111,
1464 2380 1560 2429 nune
1599 2357 1727 2453 partim
1762 2356 1799 2428 in
1826 2357 1919 2430 Mus.
1949 2358 2026 2430 Mo·

470 2472 613 2544 nacensi
638 2474 774 2568 (Mioali
801 2474 935 2548 l³Italia
962 2478 1033 2550 tab.
1064 2479 1120 2550 16.
1149 2479 1186 2572 2)
1212 2478 1251 2548 in
1276 2500 1344 2573 quo
1370 2476 1464 2548 inter
1491 2474 1563 2547 alia
1578 2480 1802 2570 spectentur:
1831 2474 2027 2570 avisaqua·

469 2588 550 2684 tica,
588 2589 821 2687 hippocampi,
862 2615 987 2688 aprum
1024 2599 1194 2665 venantes
1228 2616 1307 2665 cum
1341 2593 1489 2664 canibus
1527 2598 1563 2663 et
1588 2591 1692 2663 homo
1713 2614 1846 2687 pronus
1870 2592 2024 2663 natans?

469 2704 617 2800 piscium
656 2706 776 2803 pinnis
815 2708 991 2803 praeditus
1027 2710 1085 2782 oui
1118 2733 1248 2782 nomeu
1273 2708 1416 2781 aliunde
1442 2709 1620 2805 imponere
1647 2731 1718 2779 000
1743 2732 1929 2804 possumus
1955 2709 2024 2781 nisi

470 2821 628 2917 fortasse,
669 2848 714 2895 ex
754 2824 882 2896 Beroso
909 2824 989 2920 (frg.
1016 2825 1047 2898 Ι.
1076 2828 1112 2921 3)
1138 2833 1328 2923 sumptum,
1356 2824 1528 2914 Oannem‚
1556 2825 1647 2920 quod
1675 2825 1899 2896 temerarium
1924 2831 2025 2897 esset.

468 2936 564 3009 Nam
589 2936 671 3010 licet
697 2940 873 3013 intereas
899 2966 965 3036 res,
992 2942 1146 3039 quaein
1172 2943 1291 3015 eodem
1317 2942 1475 3040 sepulcro
1500 2948 1656 3039 repertae
1682 2940 1765 3036 sint,
1791 2939 2025 3012 alieefuerint

470 3077 560 3149 quae
598 3057 767 3129 orientem
794 3060 934 3155 sepiant
961 3059 1127 3156 (exempli
1153 3060 1268 3154 gratia
1293 3059 1416 3133 Micali
1442 3060 1466 3132 l.
1492 3059 1517 3132 l.
1544 3059 1615 3131 tab.
1646 3060 1703 3131 16.
1733 3060 1765 3130 1.
1785 3060 1818 3131 8.
1845 3057 1936 3129 1000
1961 3057 2025 3130 1110

470 3150 612 3268 sospita,
648 3197 727 3245 curn
761 3174 848 3271 ipsis
884 3175 955 3249 illis
992 3177 1149 3248 calceolis
1176 3176 1343 3273 repandis
1368 3177 1497 3272 quibus
1523 3175 1611 3248 solet
1637 3175 1806 3248 Hettaeos
1837 3175 1875 3245 in
1905 3199 2025 3247 monu-

468 3288 597 3361 mentis
634 3314 821 3385 agnoscere
854 3293 910 3365 vir
948 3293 991 3366 cl.
1031 3292 1153 3390 Sapua,
1189 3293 1415 3366 Monuments
1442 3293 1481 3365 01
1502 3292 1560 3364 110
1586 3292 1746 3385 Η1111100,
1775 3291 2024 3365 Transactions

470 3403 509 3476 01
542 3404 601 3477 the
640 3406 717 3481 Soe.
758 3408 797 3480 01
828 3409 921 3483 Bibl.
963 3410 1072 3484 Aroh.
1116 3412 1206 3483 1881
1250 3411 1340 3505 Vll)
1374 3417 1487 3483 totum
1513 3433 1600 3506 opus
1626 3417 1745 3482 tamen
1770 3408 1892 3505 procul
1917 3410 2023 3482 dubio

468 3522 657 3596 Etruscum
696 3550 771 3598 esse
806 3527 1022 3601 crediderim.
1074 3528 1198 3624 Neque
1232 3528 1377 3600 fortasse
1402 3550 1612 3623 magnopere
1638 3525 1838 3598 mirandum
1864 3528 1894 3599 si
1920 3551 2024 3625 opera

470 3642 620 3715 Etrusca
656 3644 895 3717 vetustissima
933 3646 1128 3719 Asiaticam
1167 3645 1337 3741 originem
1376 3647 1627 3718 demonstrent.
1654 3641 1720 3716 Sed
1747 3644 1792 3716 ab
1816 3643 1883 3718 hae
1906 3669 1943 3716 re
1967 3645 2025 3718 hic

468 3784 595 3834 manus
633 3763 808 3836 abstinere
847 3763 949 3836 malo.
1003 3764 1099 3837 Illud
1136 3763 1311 3836 affirmare
1349 3763 1460 3836 audeo
1486 3787 1504 3836 e
1531 3760 1750 3858 mythologie
1775 3760 1910 3834 Graeca
1935 3762 2026 3835 nihil

468 3878 668 3952 innotuisse
711 3881 753 3953 de
787 3881 952 3976 Gorgone
987 3881 1105 3954 leones
1139 3880 1385 3975 strangulante
1419 3904 1508 3976 quae
1546 3879 1739 3977 pictoribus
1777 3885 1882 3973 atque
1915 3880 2026 3977 poetis

469 4019 578 4090 00000
615 3997 737 4090 ignota
775 3999 984 4072 remansisse
1025 3999 1176 4095 ridetur,
1219 4022 1333 4093 neque
1370 4022 1425 4070 me
1467 3997 1610 4069 omnino
1648 3997 1751 4069 deum
1788 4002 1850 4069 001
1886 3996 2027 4069 heroem

469 4135 638 4209 unquam,
681 4113 746 4186 tali
789 4113 860 4188 fere
894 4116 996 4189 modo
1031 4116 1124 4188 inter
1156 4114 1247 4189 feros
1280 4114 1499 4211 dispositum,
1534 4113 1674 4208 vidisse,
1712 4113 1782 4185 nisi
1820 4112 1858 4184 in
1892 4113 2027 4185 duobus

470 4229 652 4327 scarabeis,
670 4229 789 4303 Sardis
815 4231 924 4320 (Bull.
952 4231 1061 4305 Arch.
1089 4232 1197 4305 Sardo
1223 4231 1278 4304 IV
1305 4232 1427 4304 tabe.
1445 4231 1502 4324 13,
1529 4230 1653 4301 Perrot
1665 4237 1700 4301 et
1714 4228 1858 4324 Chipier
1870 4229 2027 4302 Histoire

470 4342 512 4415 de
545 4344 642 4417 l'Art
676 4345 747 4419 ΙΙΙ.
785 4347 844 4442 fig.
881 4350 952 4420 296
979 4355 1015 4421 et
1039 4348 1138 4420 Anu.
1164 4347 1246 4419 dell'
1274 4345 1364 4420 Inst.
1391 4347 1486 4419 1883
1512 4346 1584 4418 101).
1611 4345 1653 4419 F.
1681 4346 1754 4440 28),
1780 4344 1873 4416 inter
1897 4344 2025 4441 leones,

470 4458 572 4531 deum
617 4461 717 4534 euius
759 4486 887 4537 nomen
925 4464 1124 4538 Asiaticum
1168 4463 1383 4560 ignoramus,
1421 4463 1609 4559 Aegyptiis
1643 4462 1769 4534 Besam
1795 4460 1939 4556 dictum,
1966 4464 2028 4556 qui

471 4576 576 4648 etiam
621 4577 702 4651 aliis
745 4579 788 4652 de
826 4582 941 4655 causis
980 4606 1061 4654 eum
1110 4580 1275 4676 Gorgone
1317 4580 1573 4678 comparandus
1618 4586 1680 4651 est.
1731 4576 1855 4671 Neque
1894 4584 2026 4651 certum

470 4692 663 4789 quidquam
709 4695 752 4769 de
786 4704 900 4772 aetate
935 4699 1059 4797 reperi.
1107 4697 1307 4771 Plurimum
1341 4698 1489 4770 fortasse
1523 4696 1682 4794 proficies
1721 4695 1751 4767 si
1789 4695 2026 4789 fragmentum

470 4811 732 4911 pulcerrimum,
758 4840 803 4889 ex
829 4823 975 4912 argento
1001 4823 1037 4891 et
1061 4839 1148 4889 auro
1175 4816 1361 4910 caelatum,
1388 4838 1566 4887 unacum
1592 4813 1647 4884 his
1674 4818 1862 4911 repertum,
1894 4813 2027 4888 editum

471 4929 565 5025 apud
602 4930 792 5028 Millingen
827 4936 932 5024 (Ano.
969 4934 1072 5007 uned.
1108 4933 1206 5007 Mon.
1243 4933 1282 5006 II
1318 4933 1389 5005 tab.
1428 4933 1488 5026 14)
1527 4931 1745 5027 comparabis
1771 4954 1852 5004 eum
1878 4932 2025 5028 metopis

412 5158 434 5230 ¹)
455 5156 501 5214 Ad
529 5176 590 5216 eam
609 5157 717 5218 literam
736 5158 800 5218 vide
819 5157 1066 5218 Imhoof-Blumer
1084 5158 1203 5218 Zeitsoh.
1224 5155 1245 5214 1.
1266 5154 1352 5211 Num.
1376 5154 1460 5223 1818,
1480 5172 1529 5231 pg.
1550 5155 1616 5222 187,
1637 5151 1675 5210 Ν.
1696 5154 1743 5210 18.
1784 5158 1806 5209 Σ
1828 5150 1947 5210 adfuisse
1962 5171 2029 5210 sus-

372 5247 448 5327 picor
466 5248 496 5308 in
514 5251 645 5328 quadrati
665 5253 768 5331 angulo
787 5252 817 5313 d.
836 5251 886 5330 qui
905 5252 989 5311 deest.
