4808 6390
1175 618 1221 690 13

469 829 719 929 Reperiuntur,
746 829 849 902 modo
874 829 969 903 solae
994 831 1033 903 in
1060 837 1208 926 utraque
1234 839 1333 931 parte
1358 831 1547 928 amphorae
1560 829 1669 926 (Mus.
1683 830 1798 925 Lugd.
1823 829 2028 926 11.1617);

469 950 572 1023 modo
589 971 696 1045 supra
721 971 890 1043 magnum
916 972 1068 1042 anguem
1094 950 1294 1047 barbatum,
1321 951 1419 1046 grad.
1445 949 1537 1034 (1011,
1565 947 1716 1043 Vlaug.
1731 948 1910 1045 incapite,
1927 949 2028 1042 nigro

469 1064 679 1164 pulcerrimo
706 1064 823 1161 pictae
848 1087 954 1161 super
979 1065 1132 1138 serarum
1159 1068 1316 1140 ordinem
1343 1067 1451 1161 (Mus.
1478 1067 1585 1163 Lup,
1612 1066 1734 1138 Musde
1747 1064 1894 1138 Oharles
1907 1066 1958 1154 X)
1976 1066 2027 1160 1);

469 1183 572 1255 0010
610 1206 690 1255 000
727 1182 866 1277 Perseo,
907 1182 1095 1277 Mercurio,
1135 1184 1299 1258 Minerva
1338 1193 1373 1257 et
1409 1184 1557 1257 Medusa
1589 1183 1760 1256 moriente
1794 1183 1833 1255 in
1858 1184 2028 1282 amphora

468 1298 644 1395 (Gerhard
669 1299 716 1371 V.
744 1300 784 1372 Β.
814 1301 872 1372 88.
901 1299 1081 1394 Monachi,
1111 1301 1191 1375 coll.
1222 1301 1437 1395 Candelori),
1465 1301 1584 1374 eodem
1610 1301 1682 1373 sere
1707 1299 1833 1373 habitu
1859 1301 1919 1373 sed
1945 1301 2030 1373 duo·

468 1418 535 1490 bus
561 1417 739 1511 anguibus
765 1416 923 1489 barbatis
949 1415 986 1486 iu
1014 1441 1149 1490 summo
1175 1420 1301 1516 capite.
1317 1419 1435 1514 (Adde
1448 1420 1554 1492 etiam
1569 1419 1662 1492 Mus.
1678 1418 1785 1512 Greg.
1797 1419 1848 1493 ΙΙ.
1865 1420 1923 1492 29.
1940 1423 1963 1491 4
1978 1420 2026 1513 0).

518 1532 572 1606 De
609 1531 666 1605 his
703 1533 867 1606 omnibus
893 1533 987 1605 vasis
1014 1534 1100 1606 satis
1126 1534 1346 1631 negligenter
1373 1537 1476 1634 pictis
1504 1535 1595 1609 nihil
1621 1535 1718 1608 aliud
1745 1536 1828 1609 licet
1853 1535 2027 1609 affirmare

470 1648 540 1720 nisi
567 1647 662 1744 quod
688 1649 920 1746 probabiliter
954 1651 1189 1723 interminus
1215 1655 1373 1749 antiqua,
1402 1652 1513 1747 nigris
1538 1651 1660 1745 liguris
1685 1651 1790 1748 pieta,
1817 1651 2028 1724 recensenda

470 1765 553 1838 sint.

518 1882 597 1955 Iam
631 1882 690 1955 hic
724 1906 862 1978 quoque
896 1909 960 1957 vas
986 1886 1231 1961 Chalcidicum
1256 1887 1368 1983 (Anu.
1397 1887 1478 1959 dell'
1505 1887 1594 1959 Inst.
1625 1888 1720 1959 1839
1747 1887 1819 1958 tab.
1847 1886 1889 1958 P.
1917 1884 2027 1958 Arch.

469 2000 556 2073 Zeit.
596 2002 690 2073 1866
731 2002 801 2073 tab.
840 2004 928 2095 206)
963 2028 1154 2077 memorare
1189 2005 1298 2090 lubet,
1335 2006 1479 2077 unicum
1514 2004 1606 2100 quod
1643 2004 1727 2076 novi
1749 2005 1787 2076 in
1815 2026 1884 2098 quo
1910 2002 2028 2097 Gorgo

467 2124 636 2190 occurrat.
681 2116 735 2190 De
761 2120 886 2217 capitis
912 2120 1027 2193 forma
1054 2122 1146 2194 infra
1174 2124 1240 2195 sub
1270 2137 1318 2201 ak
1344 2147 1460 2216 agam,
1488 2129 1629 2220 proptor
1655 2121 1710 2194 IV
1735 2120 1810 2193 alas
1836 2144 1918 2193 vero
1944 2119 2030 2192 haee

468 2231 527 2304 hic
552 2240 671 2305 tamen
707 2238 1011 2310 commemoranda
1045 2247 1107 2311 est.
1160 2240 1277 2313 Hodie
1311 2239 1464 2312 brachiis
1501 2222 1606 2333 caret,
1643 2238 1725 2311 olim
1766 2238 1914 2311 fortasse
1948 2237 2029 2310 albo

469 2349 586 2422 colore
611 2350 726 2446 pictis,
754 2352 861 2448 longa
887 2361 983 2428 veste
1010 2358 1200 2454 conspicua
1227 2365 1289 2431 001.

520 2467 664 2563 Longae
688 2468 786 2542 illius
812 2473 920 2545 vestis
933 2475 1019 2547 satis
1031 2498 1111 2547 rara
1125 2475 1297 2572 exempla,
1311 2499 1401 2571 quae
1414 2482 1552 2572 praeter
1567 2484 1608 2549 la
1622 2472 1801 2568 adnotavi,
1814 2471 1873 2544 hic
1885 2474 2027 2547 addam:

470 2585 638 2681 2Gorgo
676 2586 760 2681 01)
798 2612 942 2663 currens
976 2590 1082 2685 longa
1114 2600 1220 2677 veste,
1262 2592 1328 2665 alis
1363 2592 1478 2687 rectis,
1518 2590 1682 2664 manibus
1720 2614 1854 2686 angues
1892 2597 2028 2687 tenena,

468 2702 557 2798 ling.
584 2728 673 2799 ens,
700 2705 850 2802 einaim,
878 2709 1010 2780 circum
1038 2710 1168 2783 monile
1193 2710 1385 2805 (grenetis).

469 2835 498 2921 1(
523 2831 616 2902 Rota
650 2830 782 2905 formae
814 2835 981 2930 antiquae
1005 2836 1062 2908 VI
1087 2836 1193 2910 radiis
1220 2838 1312 2910 inter
1337 2862 1424 2934 quos
1449 2842 1624 2915 interdum
1652 2806 1709 2938 Ῡξ

469 2969 510 3036 m
551 2966 637 3059 26s5
675 2967 920 3040 11.30-9.83
956 2969 1119 3043 Gardner
1145 2971 1262 3068 Typea
1290 2971 1360 3044 tab.
1391 2974 1422 3044 1.
1452 2974 1495 3066 o,
1534 2972 1656 3044 Revue
1695 2970 1802 3043 Num.
1834 2969 2026 3040 1859101).

470 3082 527 3151 15.
558 3083 601 3177 43
627 3082 969 3158 Mommsen-Blacas
996 3087 1067 3160 105.
1097 3089 1153 3160 18.
1183 3090 1214 3160 1.
1242 3086 1475 3161 Adtributum
1501 3088 1672 3162 Faesulis.

471 3197 493 3267 3
520 3195 640 3292 Gorgo
666 3197 700 3270 d.
731 3199 769 3271 10
794 3202 977 3275 nummulo
1000 3203 1094 3276 infra
1119 3205 1184 3276 sub
1210 3204 1256 3270 91)
1283 3205 1484 3277 accuratius
1510 3205 1694 3302 descripto.

470 3315 494 3385 4
519 3311 639 3409 Gorgo
664 3314 699 3387 d.
726 3339 870 3390 currens
896 3318 952 3390 IV
978 3318 1045 3393 alis
1067 3323 1233 3416 recurvis,
1260 3328 1357 3395 veste
1388 3322 1507 3417 longa,
1538 3323 1703 3394 manibus
1729 3344 1863 3416 angues
1889 3328 2025 3402 100000,
2158 3362 2170 3375 κ

468 3426 555 3522 ling.
596 3452 684 3525 exs,
720 3433 834 3528 capite
871 3457 951 3529 ang.
992 3435 1159 3509 eircumd.
1195 3437 1240 3509 Ιο
1279 3438 1505 3511 chalcedonio
1545 3438 1667 3512 incisa.
1712 3439 1860 3535 Compte
1898 3434 2027 3508 Rendu

470 3544 566 3616 1860
593 3545 664 3617 tab.
693 3549 727 3618 4.
759 3550 792 3620 6.
820 3549 908 3646 Rep.
935 3551 1174 3650 Panticapaei.

471 3665 492 3732 5
519 3661 638 3758 Gorgo
663 3663 697 3737 d.
727 3665 782 3737 IV
806 3666 873 3740 alis
900 3669 1067 3764 recurvis,
1094 3678 1190 3743 veste
1216 3670 1333 3765 longa,
1364 3696 1458 3767 genu
1485 3673 1601 3745 iacens
1629 3696 1744 3766 angue
1768 3694 1842 3743 sese
1867 3670 2025 3764 cingens,

469 3780 515 3853 In
540 3783 725 3855 scarabaeo
750 3808 769 3855 e
795 3785 898 3858 00010
924 3787 1046 3860 incisa.
1075 3787 1197 3860 Micali
1224 3790 1339 3864 Storia
1365 3790 1399 3862 d.
1426 3797 1499 3865 ant.
1528 3815 1605 3887 pop.
1633 3791 1704 3861 tab.
1736 3792 1793 3860 54.
1824 3791 1856 3861 3.

471 3896 667 3971 6Medusa
706 3923 732 3970 0.
771 3925 865 3996 genu
903 3903 1020 3977 iacens
1059 3904 1115 3977 IV
1153 3905 1220 3978 alis
1255 3907 1422 4002 recurvis,
1462 3915 1559 3980 vesto
1597 3906 1715 4000 longa,
1753 3930 1772 3977 0
1810 3905 1910 3976 00100
1937 3901 2027 3975 00110

469 4014 625 4109 Pegasus
651 4022 686 4086 et
711 4015 890 4112 Chrysaor
916 4026 1112 4093 naseuntur
1138 4021 1196 4111 (ad
1222 4022 1256 4097 d.
1284 4023 1382 4096 cauis
1409 4025 1444 4096 d.
1465 4024 1588 4098 sedens
1603 4030 1638 4096 et
1650 4023 1800 4095 Perseus
1815 4021 1848 4094 d.
1863 4019 2026 4115 gradiens

470 4154 578 4203 manu
615 4131 741 4205 dextra
778 4158 929 4229 anguem
963 4136 1020 4210 vel
1046 4136 1192 4211 fortasse
1219 4139 1340 4235 telum,
1368 4142 1494 4237 anguis
1529 4142 1643 4239 capite
1677 4146 1852 4235 ornatum,
1892 4147 2027 4234 tenens,

469 4247 613 4319 sinistra
637 4249 766 4321 cibisin
793 4251 919 4324 baculo
946 4254 984 4325 10
1011 4278 1130 4328 umero
1154 4256 1269 4353 posito
1295 4256 1437 4353 ferens).

520 4361 565 4433 In
590 4363 749 4438 breviore
775 4365 884 4439 latere
911 4368 1129 4467 sarcophagi.
1157 4373 1280 4445 Revue
1305 4373 1415 4448 Arch.
1446 4377 1540 4449 1815
1569 4375 1638 4448 tab.
1668 4373 1818 4469 011ορ.
1849 4367 1988 4465 Golgia.

471 4478 685 4553 7Stamnus
723 4483 905 4581 Etruscus,
945 4486 1108 4561 Gerhard
1148 4493 1193 4562 A.
1225 4490 1273 4565 V.
1311 4492 1369 4586 89,
1408 4517 1488 4566 000
1532 4493 1597 4565 hoo
1640 4488 1853 4586 sarcophago
1896 4484 2028 4582 Cyprio

470 4606 704 4693 comparetur.

471 4713 638 4809 8Gorgo
676 4716 708 4788 d.
748 4741 892 4791 currens
930 4719 997 4793 alie
1023 4722 1139 4816 rectis,
1166 4728 1262 4796 veste
1289 4723 1407 4818 longa,
1434 4745 1550 4814 angue
1576 4742 1613 4791 se
1636 4718 1795 4811 cingenS,
1823 4714 1912 4808 ling.
1940 4735 2029 4796 ens,

470 4830 557 4903 crin.
584 4835 735 4931 sparsis,
762 4837 808 4909 ab
834 4841 983 4933 utraque
1008 4845 1107 4935 parte
1132 4839 1279 4936 gallina,
1306 4842 1439 4914 circum
1464 4842 1681 4912 ornamenta.

410 5080 435 5149 Ι)
454 5075 539 5136 Edita
559 5078 634 5155 apud
654 5079 801 5136 Passerum
821 5076 891 5136 Piet.
911 5077 971 5136 Etr.
992 5077 1049 5137 tab.
1069 5076 1166 5148 ason,
1186 5077 1236 5136 sed
1255 5079 1346 5138 01001
1368 5098 1423 5137 οο0
1445 5095 1616 5155 agnosceres.

409 5163 433 5238 ³)
451 5163 540 5224 Barce
559 5165 713 5226 admodum
733 5175 799 5228 snut
818 5170 964 5246 Gorgones
984 5171 1175 5231 sinistrorsum
1194 5178 1345 5233 00000100.
