4808 6390
1297 518 1359 643 ⁴ar

500 781 630 878 argilla
654 781 757 878 nigra
783 781 836 853 IlI
868 782 940 853 111
962 788 1004 872 Β,
1031 808 1088 880 pg.
1117 786 1177 857 44.
1206 783 1424 856 Postremum
1453 785 1523 858 huc
1537 804 1676 878 quoque
1689 781 1841 878 pertinet
1853 788 1961 854 stater
1974 804 2019 854 ex
2032 781 2164 856 electro

502 897 557 970 IV
585 898 627 978 la
652 922 710 995 pg.
737 898 797 971 60.

551 1013 662 1113 Saepe
698 1014 770 1087 iam
807 1012 934 1087 harum
972 1015 1089 1113 capita
1127 1015 1304 1111 anguibus
1345 1014 1505 1113 praedita
1541 1022 1637 1087 sunt.
1672 1013 1848 1111 Exempla
1871 1013 2002 1111 partim
2026 1015 2163 1111 Attica,

501 1131 632 1229 partim
658 1131 820 1203 Asiatica
846 1135 910 1203 aut
935 1131 1068 1229 Cypria
1093 1139 1178 1205 sunt
1203 1131 1256 1203 ΙΙΙ
1287 1139 1331 1205 lb
1354 1155 1387 1221 c,
1410 1138 1453 1205 20
1478 1130 1777 1229 (CyrenaicumII²
1804 1138 1862 1220 da,
1887 1135 1975 1219 211,
1998 1137 2055 1220 tte,
2077 1137 2164 1219 661,

500 1242 650 1336 caefi,
676 1252 839 1339 10a,87.

552 1361 712 1435 Primum
738 1369 857 1437 tamen
883 1387 1016 1459 angues
1042 1371 1282 1438 memorantur
1306 1390 1328 1438 a
1353 1364 1508 1439 Pindaro
1533 1366 1572 1438 in
1598 1363 1816 1437 carminibus
1841 1360 2065 1459 Pythioniois
2089 1360 2165 1435 XII

499 1484 538 1552 et
563 1478 601 1552 X
626 1486 662 1552 et
688 1479 726 1552 iu
753 1479 1001 1578 Olympionica
1026 1480 1133 1576 XIII,
1171 1507 1205 1556 v.
1235 1485 1292 1577 63,
1319 1482 1424 1555 annis
1451 1483 1535 1577 490,
1563 1484 1636 1555 474
1662 1487 1698 1554 et
1725 1481 1798 1552 464
1812 1477 2027 1576 compositis,
2039 1477 2166 1552 deinde

503 1597 550 1670 ab
575 1596 755 1693 Aeschylo
792 1598 913 1671 eodem
948 1597 1019 1671 fere
1057 1605 1213 1695 tempore
1249 1599 1287 1670 in
1326 1598 1533 1672 Prometheo
1571 1605 1606 1672 et
1643 1622 1738 1671 anno
1772 1598 1845 1670 458
1871 1594 1910 1667 in
1936 1594 2165 1692 Choephoris.

501 1710 598 1787 Loca
622 1714 821 1787 exscribam
846 1721 882 1788 et
908 1739 1019 1811 pauca
1045 1714 1183 1787 addam.

552 1828 729 1903 Pindarus
754 1829 877 1927 (Pyth.
905 1830 944 1903 X
974 1854 1008 1902 v.
1036 1832 1072 1919 6)
1099 1830 1196 1903 canit
1221 1836 1335 1904 artem
1359 1831 1457 1904 tibiis
1483 1828 1633 1904 canendi
1661 1826 1736 1898 τάν
1760 1850 1851 1896 ποτε

739 1942 902 2026 Παλλάς
928 1939 1052 2033 ἐφεῦρε
1077 1946 1267 2036 θρασειᾶν
1291 1948 1499 2038 Γοργόνων

737 2053 869 2124 οὐλιον
895 2054 1037 2143 θρῆνον
1062 2047 1305 2140 διαπλέξαισ’
1333 2055 1498 2125 Ἀθάνα·

700 2250 702 2254 Α
736 2163 807 2234 τὸν
829 2165 1056 2256 παρθενίοις
1080 2163 1189 2234 ὐπότ’
1215 2164 1402 2247 ἀπλάτοις
1426 2163 1576 2252 ὀφίων
1598 2162 1844 2252 κεφαλαῖς

739 2275 800 2344 ciis
825 2272 1056 2366 λειβόμενον
1081 2269 1288 2347 δυσπενθίι·
1310 2276 1382 2347 σύν
1407 2276 1580 2370 καμάτῳ,

736 2385 908 2476 Περοεύς
933 2383 1046 2455 ὁπότε
1072 2385 1202 2477 τρίτον
1226 2385 1396 2458 ἄνυσσεν
1419 2390 1660 2481 κασιγνητᾶν
1679 2389 1805 2475 μέρος,
1829 2408 1864 2455 ιι.
1890 2412 1923 2454 τ.
1946 2383 1979 2454 λ.

505 2522 538 2570 r.
568 2500 614 2570 16
739 2495 930 2585 εὐπαράου
953 2500 1079 2589 κρᾶτα
1103 2495 1293 2578 συλάσαις
1318 2490 1524 2577 Μεδοίσας

739 2614 825 2696 υἱὸς
852 2616 1027 2695 Δανάας.

554 2728 633 2802 Hac
670 2726 792 2800 fabula
830 2735 1003 2822 quantum
1038 2728 1110 2800 scio
1148 2751 1205 2799 ars
1241 2751 1313 2800 non
1339 2752 1404 2800 usa
1428 2734 1493 2823 est,
1520 2728 1590 2800 nisi
1617 2728 1686 2800 huc
1712 2727 1851 2800 trahere
1875 2726 1965 2800 velis
1992 2723 2163 2798 Demetrii

510 2844 728 2937 „Minervam
755 2866 845 2938 quae
871 2842 1005 2915 musica
1032 2842 1253 2939 appellatur;
1279 2843 1448 2916 dracones
1473 2845 1512 2916 iu
1537 2867 1692 2938 gorgone
1718 2843 1794 2916 eius
1820 2843 1864 2915 ad
1891 2843 1985 2915 ictus
2011 2840 2167 2914 citharae

505 2958 642 3032 tinnitu
667 2957 870 3032 resonant‘’.
898 2957 1055 3053 (Plinius
1078 2958 1251 3032 XXXIV
1276 2961 1296 3054 ξ
1323 2960 1396 3047 76).

556 3075 721 3149 Ceterum
746 3073 902 3147 famosus
927 3073 985 3146 hio
1010 3073 1072 3147 ille
1098 3073 1196 3147 locus
1222 3080 1275 3146 est
1301 3075 1394 3170 quod
1421 3074 1488 3146 viri
1515 3075 1607 3147 docti
1634 3075 1719 3147 olim
1744 3075 1938 3168 conopaeo
1961 3068 2169 3155 Μεδοίσας

506 3189 654 3285 effigiem
696 3189 734 3261 in
777 3186 954 3282 Gorgonis
992 3190 1107 3285 capite
1142 3214 1200 3263 ore
1238 3190 1373 3289 pulcro,
1413 3191 1552 3287 generis
1592 3191 1640 3287 V,
1679 3192 1747 3264 sibi
1772 3191 1952 3264 inveuIsse
1977 3190 2046 3263 visi
2072 3200 2167 3263 sunt.

507 3306 631 3382 Genus
668 3306 758 3379 illud
798 3312 917 3379 tamen
956 3306 1102 3378 minime
1139 3307 1257 3381 seculo
1291 3333 1397 3404 quam
1424 3309 1601 3382 PIndarus
1628 3309 1747 3382 minus
1773 3318 1826 3382 est
1851 3309 2051 3404 antiquum.
2090 3309 2169 3382 Hoc

504 3423 615 3518 igitur
638 3420 827 3515 εὐπαράου
852 3420 1064 3494 vocabulum
1091 3423 1183 3496 inter
1209 3424 1365 3520 epItheta
1391 3425 1559 3497 ornantia
1585 3424 1652 3497 erit
1678 3425 1904 3520 relegendum
1931 3424 1990 3513 (cf.
2008 3424 2169 3520 Dilthey,

509 3542 607 3613 Anu.
643 3539 725 3612 dell'
761 3539 853 3612 inst.
883 3541 977 3612 1871
1007 3563 1065 3635 pg.
1095 3542 1193 3634 219),
1226 3565 1316 3636 quae
1343 3542 1498 3639 epitheta
1524 3548 1643 3614 tamen
1670 3542 1826 3615 Hesiodo
1850 3542 2022 3615 libentius
2048 3565 2170 3616 conoe-

508 3659 624 3732 derem
663 3682 769 3753 quam
807 3659 973 3752 Pindaro,
1002 3658 1062 3752 qui
1091 3659 1225 3746 (eodem
1251 3660 1406 3733 carmine
1432 3685 1465 3733 v,
1494 3662 1557 3754 20)
1582 3660 1758 3758 Euryales
1782 3663 1936 3755 gemitus
1960 3655 2001 3731 ἐκ
2024 3684 2169 3750 καρπα·

509 3771 629 3862 λιμάν
659 3773 802 3868 γενύων
828 3781 902 3848 tam
927 3774 1094 3871 graphice
1123 3776 1296 3873 depinxit.
1336 3778 1461 3873 Neque
1485 3778 1593 3850 aliam
1621 3779 1717 3852 viam
1743 3778 1857 3875 video,
1884 3803 1967 3851 uam
1993 3779 2059 3852 etsi
2084 3777 2170 3850 Piu-

509 3891 594 3964 daro
632 3893 779 3987 eiusque
816 3892 1024 3987 aequalibus
1063 3891 1181 3988 Gorgo
1205 3893 1330 3990 pulcra
1354 3895 1551 3967 necessario
1578 3894 1809 3967 contradictio
1835 3895 1874 3967 in
1901 3895 2062 3967 terminis
2087 3893 2167 3988 luit,

510 4006 613 4079 nobIs
639 4013 758 4079 tamen
785 4010 999 4081 constructio
1026 4006 1217 4100 εὐπαράου
1243 4033 1321 4082 cum
1350 4010 1514 4089 Δανάας
1540 4011 1647 4083 nimis
1673 4012 1791 4084 audax
1817 4011 2007 4084 uideretur.

559 4122 667 4221 Pyth.
694 4123 733 4195 X
759 4148 792 4197 v.
820 4128 880 4198 45.
906 4125 1055 4199 Perseus
1082 4126 1223 4199 canitur
1248 4127 1309 4223 qui
1335 4121 1490 4213 ε”πεφνίν
1515 4152 1553 4195 τε
1577 4127 1768 4219 Γοργόνα,
1792 4127 1862 4197 καὶ
1874 4123 2053 4196 ποικίλον
2065 4130 2165 4210 κάρα

838 4235 1123 4329 δρακόντιον
1148 4240 1398 4330 φόβαισιν
1422 4240 1534 4326 ἤλυθε·
1559 4248 1776 4324 νασιώταις

838 4350 994 4422 λίθινον
1019 4352 1197 4423 θάνατον
1223 4355 1356 4446 φέρων.

557 4461 724 4532 Λίθινον
749 4460 938 4544 θάνατον,
976 4463 1194 4561 Polydecten
1233 4472 1268 4538 et
1307 4465 1487 4564 Seriphius
1526 4467 1565 4539 in
1590 4490 1679 4539 saxa
1705 4489 1833 4559 versos,
1860 4488 1964 4560 quem
1990 4463 2167 4536 Pindarus

511 4575 582 4647 iam
620 4576 658 4649 in
697 4578 875 4673 superiore
913 4579 1069 4652 carmine
1108 4578 1270 4676 pluribus
1303 4581 1420 4654 verbis
1453 4589 1719 4676 memoraverat,
1746 4579 1899 4653 artifices
1924 4603 2000 4653 sero
2027 4579 2169 4652 tandem

512 4692 714 4789 pinxerunt.
754 4692 914 4765 Primum
948 4695 1037 4768 mihi
1072 4705 1196 4768 notum
1222 4696 1424 4795 exemplum
1449 4705 1502 4771 est
1527 4705 1641 4770 crater
1666 4722 1695 4770 r.
1723 4697 1760 4794 f.‚
1788 4721 1844 4795 pg.
1875 4698 1935 4770 67.
1973 4694 2169 4769 Laudanda

510 4814 628 4879 tamen
668 4814 722 4879 est
758 4809 910 4906 suspicio
950 4810 1018 4883 viri
1057 4811 1101 4883 cI.
1141 4811 1300 4909 Dilthey‚
1340 4813 1401 4909 qui
1444 4815 1557 4903 (Anu.
1596 4812 1678 4886 dell’
1718 4813 1810 4888 Inst.
1853 4814 1947 4887 1871
1984 4837 2042 4910 pg.
2071 4812 2168 4902 230).

512 4921 706 5015 Μύρσινος
731 4923 888 5016 Περσέα
914 4925 958 4995 τὸ
981 4924 1022 5009 ἐς
1048 4921 1260 4999 Μέδουσαν
1284 4927 1396 5022 ἔργον
1420 4928 1686 5024 εἰργασμένον,
1726 4931 1880 5006 Athenis
1906 4932 1944 5003 in
1971 4954 2050 5004 arce
2076 4930 2170 5027 posi·

511 5046 587 5111 tum
615 5040 735 5131 (Paua.
762 5042 794 5116 Ι.
823 5045 869 5117 23
893 5045 913 5139 6
940 5046 988 5140 7),
1016 5046 1183 5119 Perseum
1211 5055 1318 5143 caput
1343 5047 1511 5121 Medusae
1537 5048 1961 5123 manutenentemfuisse
1976 5044 2167 5121 contendit.
