4808 6390
1057 656 1116 729 et

256 870 302 944 ab
340 892 435 942 anno
469 870 541 942 466
568 868 613 941 ad
638 870 871 943 66666409
912 868 1057 942 duravit
1095 868 1190 957 (vide
1215 891 1273 965 pg.
1299 867 1375 962 48),
1402 867 1508 941 unica
1533 865 1750 963 exceptione,
1780 873 1849 963 lle,
1875 866 1915 940 in

254 1009 326 1059 uno
363 1008 503 1081 quoqne
541 983 737 1082 exemplari
762 985 802 1058 lit
828 984 1075 1081 negligentior,
1103 1006 1217 1080 neque
1243 982 1320 1055 eius
1345 982 1503 1057 familiae
1527 980 1691 1079 exempla
1717 1004 1813 1055 anno
1840 982 1913 1055 409

253 1102 393 1176 iuniora
420 1108 574 1176 exstant.

303 1218 349 1291 In
385 1217 498 1291 altera
534 1218 644 1291 seculi
683 1227 783 1317 parte
822 1243 915 1293 nova
952 1243 1081 1314 genera
1124 1219 1287 1291 oriuntur
1331 1216 1374 1290 de
1408 1214 1537 1311 quibus
1571 1215 1638 1288 sub
1674 1215 1820 1290 familiis
1853 1214 1915 1288 III

256 1340 388 1407 ra-ra
412 1340 483 1425 (re)
510 1335 579 1431 egi.

303 1449 457 1524 Familia
483 1458 536 1546 15,
563 1475 621 1548 pg.
649 1454 696 1524 56
723 1475 810 1549 866.,
840 1476 899 1525 ore
925 1474 1028 1548 saepe
1054 1451 1092 1524 in
1118 1475 1221 1525 arcus
1247 1450 1398 1546 figuram
1424 1446 1587 1547 formato,
1613 1450 1734 1523 buccis
1757 1448 1918 1523 informia

254 1567 332 1662 668,
367 1567 525 1641 crinibus
562 1568 687 1665 passis,
715 1567 860 1641 minime
884 1569 930 1641 66
955 1568 1218 1664 antiquioribus
1244 1568 1385 1662 recedit,
1412 1567 1606 1641 ueletiam
1631 1568 1670 1641 in
1698 1575 1772 1664 156,
1799 1567 1916 1664 Popu-

254 1682 370 1756 loniae
398 1684 532 1778 9-14,
559 1707 617 1782 pg.
646 1686 706 1780 56,
733 1684 872 1780 generis
898 1684 918 1757 1
944 1685 1148 1757 memoriam
1179 1690 1335 1757 revocat.

302 1799 456 1873 Familia
483 1808 536 1896 14,
569 1825 628 1899 pg.
655 1804 702 1874 53
729 1825 819 1898 sqq,
856 1826 963 1898 quam
988 1801 1032 1874 ad
1058 1801 1207 1875 Phidiae
1232 1800 1444 1897 Mineruam,
1482 1800 1569 1873 anni
1595 1803 1681 1896 438,
1707 1799 1835 1873 referre
1860 1821 1917 1872 co·

255 1922 359 1988 natus
385 1939 474 2010 sum,
502 1939 592 2012 quae
616 1916 736 1990 hectas
762 1917 909 1991 Lesbios
932 1924 968 1990 et
992 1917 1253 1990 trihemiobolia
1278 1917 1425 2011 Tegeae,
1461 1915 1602 2012 aliaque
1627 1916 1741 1989 multa
1753 1914 1916 2012 exempla

255 2034 423 2128 continet,
462 2035 528 2106 etsi
566 2034 670 2107 vultu
707 2034 813 2129 longe
847 2043 902 2109 est
926 2034 1145 2118 humaniore,
1172 2034 1332 2107 crinibus
1358 2040 1481 2106 ornate
1507 2033 1699 2129 dispositis,
1724 2032 1916 2106 latitudine

256 2155 395 2223 666666
420 2156 456 2223 66
481 2150 573 2223 rictu
599 2151 782 2247 difformis,
809 2176 882 2225 non
908 2159 1027 2225 tamen
1052 2153 1225 2225 recentior
1249 2159 1303 2225 686
1328 2175 1435 2247 6666
1460 2149 1597 2223 familia
1626 2153 1680 2223 16.

304 2265 479 2363 Exempla
517 2266 672 2340 familiae
710 2273 763 2363 13,
802 2268 959 2341 crinibus
999 2268 1222 2341 flammarum
1260 2268 1374 2340 instar
1399 2265 1670 2361 diradiantibus,
1695 2287 1786 2360 quae
1807 2262 1914 2336 attuli

256 2406 313 2480 pg.
341 2383 387 2453 49
415 2404 503 2477 sqq,
541 2389 680 2479 praeter
718 2382 808 2457 illud
845 2384 884 2455 in
917 2383 1146 2456 adnotatione
1183 2382 1227 2456 ad
1254 2406 1313 2480 pg.
1340 2384 1387 2455 49
1414 2386 1657 2476 memoratum,
1683 2404 1730 2453 ex
1755 2379 1915 2477 proximo

256 2498 373 2572 seculo
398 2522 474 2571 esse
494 2499 670 2595 ridentur,
697 2525 769 2573 non
795 2508 914 2574 tamen
940 2525 982 2574 ea
1006 2502 1064 2574 hic
1091 2501 1280 2598 praeterire
1306 2522 1506 2596 possumus,
1533 2506 1568 2571 et
1594 2497 1687 2594 quod
1713 2496 1916 2570 nihilaliud

256 2640 331 2689 esee
368 2616 536 2689 videntur
572 2640 678 2712 quam
717 2618 903 2714 progenies
941 2617 1098 2690 familiae
1137 2617 1244 2690 1Π6
1283 2624 1318 2690 66
1358 2616 1449 2712 quod
1478 2615 1650 2689 familiam
1677 2621 1731 2709 12,
1759 2613 1916 2687 crinibus

256 2733 482 2806 horrentibus
506 2734 658 2829 retortis,
685 2758 730 2807 ex
756 2734 801 2807 iis
827 2740 942 2807 ortem
968 2758 1044 2807 esse
1070 2734 1242 2831 suspicor.

306 2849 406 2922 Haeo
443 2855 572 2946 autem,
611 2851 664 2946 12,
699 2875 757 2949 pg.
785 2852 833 2924 49
861 2874 951 2947 sqq,
979 2875 1084 2947 quam
1111 2875 1131 2924 e
1156 2851 1288 2948 Pyrrhi
1313 2849 1478 2923 Minerva
1503 2846 1658 2947 Hygiea,
1685 2847 1780 2918 intra
1805 2868 1917 2918 annos

258 2966 455 3038 437-432
482 2973 574 3062 vota,
601 2991 659 3064 pg.
688 2970 746 3061 52,
773 2967 944 3040 deducere
969 2968 1156 3062 adgressus
1181 2990 1289 3061 eram,
1315 2965 1510 3063 plurimum
1536 2965 1579 3037 ad
1605 2968 1803 3036 ceterarum
1830 2967 1916 3034 tem·

257 3082 352 3179 poris
377 3081 618 3155 definitionem
645 3082 796 3180 prodest.
824 3083 956 3179 Pyrrhi
982 3083 1077 3156 enim
1102 3084 1266 3158 Minerva
1280 3083 1463 3178 antiquius
1476 3079 1677 3177 exemplum
1690 3101 1762 3151 non
1774 3083 1912 3150 exstare

257 3197 408 3293 ridetur,
448 3198 572 3272 deinde
600 3202 682 3295 126,
721 3201 759 3272 in
788 3199 890 3272 obolo
916 3200 1072 3297 Motyee,
1100 3224 1195 3273 anno
1223 3201 1294 3272 396
1323 3200 1369 3272 66
1394 3198 1520 3271 incolis
1545 3196 1740 3280 derelictae,
1767 3202 1802 3267 et
1829 3197 1910 3289 12οι,

257 3337 315 3410 pg.
343 3315 402 3408 47,
430 3314 467 3386 in
494 3317 648 3406 τριᾶντι
673 3315 917 3410 Oamarinaeo,
945 3340 1025 3389 aere
1050 3316 1240 3389 Himeraea
1254 3316 1398 3389 omnino
1411 3315 1615 3410 recentiore,
1631 3311 1737 3385 simul
1751 3310 1912 3384 occurrit.

257 3430 331 3503 Vix
358 3430 468 3525 igitur
493 3431 680 3528 immerite,
708 3456 766 3529 pg.
792 3434 853 3528 48,
880 3457 926 3505 ex
950 3432 1007 3505 his
1033 3433 1247 3531 Apolloniae
1273 3437 1333 3530 21,
1362 3440 1425 3506 126
1444 3432 1588 3506 definire
1602 3431 1701 3504 visus
1714 3453 1783 3525 ero,
1803 3452 1917 3526 neque

257 3545 439 3620 certiorem
466 3549 632 3644 temporis
656 3548 908 3643 definitionem,
935 3547 1164 3621 Corinthiaco
1191 3551 1224 3634 3,
1255 3555 1320 3629 126
1345 3549 1440 3622 novi.

308 3664 366 3737 Ex
403 3664 470 3737 hoo
502 3665 579 3762 ipso
617 3673 773 3763 tempore
804 3665 1014 3738 diadematis
1041 3665 1206 3762 frequens
1232 3690 1319 3739 usus
1352 3666 1475 3762 oritur,
1500 3689 1584 3738 nam
1609 3663 1676 3736 etei
1700 3662 1796 3760 prior
1821 3667 1917 3735 aetas

258 3779 348 3852 illud
374 3802 445 3852 non
473 3780 623 3876 ignorat,
661 3807 717 3855 ex.
745 3806 797 3877 gr.
825 3781 886 3854 ΙΙΙ
914 3781 965 3877 16,
993 3780 1054 3876 66,
1092 3781 1245 3878 plurima
1271 3789 1391 3855 tamen
1417 3781 1580 3879 exempla
1604 3780 1757 3854 afferunt
1781 3777 1917 3851 nummi

259 3896 489 3994 Populoniae,
528 3896 588 3969 111
629 3901 683 3984 15,
723 3899 893 3996 Neapolis
932 3902 954 3970 5
990 3904 1025 3970 66
1057 3898 1271 3994 Apolloniae
1308 3901 1453 3971 12-15
1489 3900 1584 3984 (666
1618 3894 1790 3968 acroterio
1830 3892 1918 3966 Sici-

259 4011 362 4085 liensi
396 4016 467 4108 eA,
493 4037 551 4111 pg.
580 4015 653 4108 30),
680 4015 824 4110 Motyae
852 4018 884 4108 1,
911 4017 945 4109 2,
974 4018 1007 4109 5,
1035 4013 1245 4087 06666666
1275 4017 1307 4109 1,
1335 4016 1356 4087 3
1384 4021 1419 4086 66
1444 4012 1542 4086 Parii
1572 4012 1679 4106 1-3,
1707 4034 1764 4107 pg.
1792 4011 1853 4081 43.

308 4131 367 4203 Ex
391 4130 527 4203 ultimis
553 4155 691 4227 quoque
716 4132 751 4204 V
777 4131 885 4205 seculi
910 4131 1089 4204 decenniis
1111 4131 1150 4203 lo
1175 4138 1228 4204 est
1248 4132 1429 4229 Euripidis
1443 4131 1481 4202 in
1495 4154 1565 4225 qua
1578 4136 1627 4221 (6.
1644 4130 1737 4201 1421
1752 4134 1788 4201 66
1805 4128 1916 4221 1423)

260 4245 392 4320 Creusa
416 4248 516 4321 Ionis
542 4249 759 4323 incunabula
784 4251 835 4322 sie
861 4250 1041 4322 discribit:

598 4365 758 4459 Γοργὼν
781 4364 853 4455 μὲν
877 4361 916 4436 ἐν
939 4368 1119 4454 μέσοισιν
1144 4364 1292 4456 ἠτρίοις
1316 4361 1476 4435 πέπλων·

594 4469 909 4566 κεκρασπέδωταί
929 4480 960 4543 τ’
987 4474 1123 4563 ὄφεσιν
1148 4467 1355 4570 αἰγίδος
1379 4473 1532 4564 τρόπον.

309 4583 489 4656 Nimirum
513 4583 572 4657 hic
598 4608 640 4657 ea
665 4585 835 4679 anguium
862 4585 1044 4682 dispositio
1072 4592 1285 4659 memoratur
1309 4609 1416 4682 quam
1440 4583 1598 4678 aegidem
1613 4603 1760 4677 parvam
1779 4576 1914 4674 vocari,

260 4697 361 4769 cuius
396 4699 510 4794 prima
547 4699 720 4797 exempla,
759 4700 897 4794 generis
939 4700 1008 4796 IV,
1046 4699 1084 4772 in
1122 4700 1225 4773 obolo
1267 4724 1373 4774 aureo
1413 4699 1636 4796 Syracusano
1661 4702 1717 4791 36,
1743 4718 1788 4766 ex
1813 4692 1918 4766 initio

260 4812 316 4886 IV
351 4814 471 4911 seculi,
509 4840 566 4913 pg.
596 4818 655 4911 62,
692 4817 731 4889 in
769 4816 881 4914 clipeo
907 4817 1092 4890 Minervae
1117 4816 1286 4889 Partheni
1310 4839 1404 4891 anno
1431 4815 1542 4901 399!ss
1569 4811 1741 4906 restitute,
1768 4835 1825 4908 pg.
1854 4812 1911 4904 62,

260 4927 384 5002 deinde
410 4930 448 5002 in
475 4932 596 5027 aegide
623 4955 762 5028 quoque
787 4933 970 5006 Minervae
996 4932 1205 5006 Dresdensis
1231 4937 1283 5028 36,
1310 4959 1368 5032 pg.
1397 4934 1456 5029 63,
1482 4929 1673 5027 reperimus
1701 4927 1739 5023 ¹).
1784 5010 1790 5020 ,

301 5111 323 5183 ¹)
342 5108 477 5168 Eiusdem
508 5109 617 5186 generis
647 5110 733 5170 fuisse
753 5110 862 5171 videtur
882 5117 966 5190 caput
984 5113 1127 5190 Gorgonis
1147 5113 1315 5183 inauratum,
1339 5107 1436 5187 aegide
1455 5107 1669 5179 circumdatum,
1689 5105 1807 5166 Athenis
1827 5124 1912 5182 supra

260 5205 410 5277 theatrum,
430 5206 465 5265 ad
485 5208 555 5267 arcis
575 5227 688 5267 murum
707 5209 857 5268 australem
876 5209 1001 5270 defixum
1020 5210 1116 5285 (Paua.
1137 5211 1152 5270 I
1172 5213 1221 5268 21.
1241 5211 1254 5285 t
1275 5211 1317 5282 3).
