4808 6390
1067 599 1114 673 83

259 837 392 887 nevero
417 812 479 886 ΠΙ
507 823 560 908 la,
586 837 645 910 pg.
674 814 707 907 1,
734 819 769 885 66
794 823 850 910 ta,
876 837 935 911 pg.
963 815 997 908 8,
1024 820 1060 886 et
1086 812 1235 886 fortasse
1259 827 1316 908 ss,
1343 836 1402 910 pg.
1432 816 1490 909 16,
1526 813 1617 885 rictu
1642 811 1727 898 lato,
1753 812 1921 890 dentibus

262 930 397 1026 multis,
434 930 593 1003 crinibus
631 939 695 1002 aut
736 929 950 1003 cincinnatis
993 936 1056 1002 aut
1093 929 1331 1025 horrentibus,
1373 931 1502 1027 partim
1531 929 1570 1000 in
1595 927 1724 1023 gradus
1750 932 1926 1006 formatis..

261 1048 319 1122 Ex
346 1046 402 1119 Vl
428 1047 554 1121 deinde
579 1046 697 1121 seculo
722 1053 827 1120 erunt
853 1054 948 1120 totae
971 1046 1044 1120 fere
1069 1046 1226 1120 familiae
1252 1046 1312 1119 III
1342 1053 1371 1130 l,
1395 1053 1428 1129 2,
1452 1053 1484 1130 3,
1507 1052 1541 1130 4,
1554 1045 1683 1141 quibus
1696 1071 1782 1121 vasa
1795 1048 1924 1122 Corin·

263 1167 393 1256 thiaca,
420 1163 652 1260 Cyrenaioal,
680 1163 817 1259 Attica,
843 1187 880 1237 n.
905 1162 944 1258 f,
971 1163 1209 1259 continentur,
1224 1187 1281 1260 pg.
1296 1163 1439 1258 8-15;
1464 1168 1503 1234 at
1519 1168 1638 1234 tamen
1650 1162 1744 1236 inter
1757 1165 1919 1263 exempla

264 1283 330 1358 sub
365 1288 409 1356 31
438 1287 475 1353 66
509 1298 532 1360 g
567 1288 603 1352 66
637 1279 676 1350 in
703 1302 760 1375 pg.
790 1280 836 1351 13
862 1286 1055 1352 memorata
1080 1278 1183 1352 facile
1209 1278 1363 1375 plurima
1388 1302 1433 1351 ex
1458 1277 1494 1348 V
1519 1275 1637 1350 seculo
1661 1301 1736 1352 6666
1761 1288 1920 1377 possunt.

265 1401 378 1490 Quam
416 1396 478 1469 diu
518 1395 686 1492 Athenis,
726 1396 757 1469 si
797 1419 884 1469 vasa
922 1396 1189 1470 Panathenaica
1220 1396 1390 1494 excipias,
1426 1394 1539 1490 nigris
1564 1394 1687 1490 figuris
1713 1398 1848 1495 pictum
1874 1399 1921 1472 sit

264 1517 387 1613 ignoro
426 1512 486 1587 sed
523 1512 561 1584 in
599 1512 716 1585 media
754 1510 878 1609 cylice‚
919 1512 1037 1585 rubris
1070 1512 1194 1607 figuris
1219 1512 1325 1610 picta,
1354 1511 1555 1607 Gorgonem
1581 1535 1765 1608 nunquam
1789 1514 1864 1588 vidi
1889 1520 1925 1588 et

265 1641 383 1707 tamen
425 1654 467 1704 ea
504 1629 653 1702 ornandi
691 1652 750 1701 ars
793 1628 832 1701 in
871 1628 986 1727 operis
1023 1628 1218 1702 metallinis
1258 1630 1319 1702 diu
1356 1628 1488 1703 mansit
1513 1636 1553 1702 ut
1578 1638 1767 1727 apparete
1791 1633 1924 1706 tabulis

265 1758 490 1847 quaestorum
523 1748 708 1821 Minervae
743 1772 788 1821 ex
824 1747 929 1820 annis
965 1749 1076 1834 39817
1102 1753 1138 1820 66
1164 1749 1302 1837 390189
1328 1748 1383 1845 (O.
1410 1748 1441 1821 I.
1468 1750 1515 1823 A.
1543 1749 1582 1821 II
1610 1752 1682 1823 652
1710 1751 1752 1823 B.
1780 1775 1813 1825 v.
1843 1753 1864 1823 6
1889 1757 1926 1824 et

267 1867 340 1938 660
366 1890 400 1938 v.
429 1866 492 1958 54)
518 1863 580 1935 ubi
614 1860 733 1950 φιάλη
767 1860 926 1957 ἀργυρᾶ,
959 1862 1005 1947 ἣν
1037 1862 1252 1954 Λυσιμάχη
1287 1860 1515 1954 Τηλεμάχου
1538 1866 1658 1958 μήτηρ
1681 1863 1862 1951 ἀνέθηκεν
1888 1867 1931 1955 ¹),

267 1979 309 2053 ἐν
341 1969 362 2070 ᾗ
396 1977 442 2048 τὸ
474 1975 737 2072 γοργόνείιον),
764 1988 987 2054 memoratur.

316 2097 416 2170 Idem
454 2097 525 2170 fere
565 2121 627 2193 per
660 2102 770 2169 totam
809 2097 936 2170 seriem
973 2096 1160 2194 adspectus
1194 2103 1259 2192 est,
1285 2097 1356 2170 uisi
1383 2097 1475 2192 quod
1502 2097 1605 2171 initio
1632 2098 1752 2171 buccis
1777 2106 1813 2172 66
1837 2100 1930 2173 rictu

267 2212 391 2286 latiore
433 2219 638 2310 spectantur
676 2220 711 2285 et
744 2221 919 2311 postremo
945 2213 1153 2288 humaniore
1180 2213 1292 2287 forma
1317 2212 1419 2288 fiunt.
1447 2214 1546 2287 Haec
1572 2214 1690 2312 capita
1715 2215 1786 2288 fere
1812 2216 1931 2289 omnia

267 2330 415 2403 barbata
451 2335 546 2425 sunt,
587 2329 712 2402 deinde
751 2331 858 2403 etiam
896 2331 1065 2404 Medusae
1091 2355 1236 2426 sorores,
1261 2355 1349 2427 quas
1374 2356 1432 2429 pg.
1462 2335 1507 2406 12
1534 2333 1586 2419 (in
1611 2332 1693 2422 fine)
1720 2333 1923 2426 memoravi,

268 2447 414 2520 barbam
438 2446 583 2543 habent,
610 2447 715 2543 quod,
743 2449 881 2520 utiam
907 2447 1068 2521 Gerhard
1095 2449 1307 2545 observavit,
1334 2473 1471 2522 omnem
1497 2450 1754 2522 dubitationem
1780 2450 1822 2523 de
1837 2474 1925 2524 sexu

268 2562 395 2660 capitis
420 2562 558 2635 barbati
584 2561 711 2637 aufert.
736 2563 794 2636 Ad
819 2562 968 2636 formam
992 2564 1122 2637 barbae
1149 2564 1228 2636 vide
1252 2564 1369 2636 virum
1394 2564 1485 2638 doct.
1514 2563 1647 2658 Helbig
1682 2565 1758 2654 (das
1793 2565 1923 2638 Home·

267 2678 382 2752 rische
407 2679 502 2775 Epos
528 2703 586 2775 pg.
615 2681 686 2751 172
713 2688 817 2774 sqq.).

319 2794 431 2890 Quod,
458 2800 499 2866 ut
524 2794 562 2868 in
587 2794 683 2869 hisce
710 2819 812 2894 saepe
837 2796 1116 2869 animadvertere
1128 2803 1237 2894 potes,
1253 2796 1436 2890 Gorgones
1450 2796 1616 2892 antiquas
1629 2796 1806 2870 interdum
1819 2795 1932 2870 ridere

268 2911 412 3007 dixeris,
440 2935 480 2984 eo
506 2911 546 2984 fit
571 2912 664 3008 quod
689 2912 784 2986 inter
809 2913 902 2986 risus
928 2912 1076 2986 humani
1103 2921 1137 2986 et
1163 2914 1273 2988 rictus
1298 2913 1404 2987 ferini
1431 2921 1596 2986 naturam
1623 2936 1696 2985 nou
1721 2913 1819 2986 aliud
1845 2913 1930 3009 qnid

269 3053 376 3125 qnam
402 3029 496 3101 inter
519 3029 698 3102 hominem
725 3036 761 3102 et
787 3028 878 3103 feras
905 3030 1063 3104 interest.
1115 3030 1243 3103 Risum
1269 3030 1362 3128 apud
1388 3028 1539 3128 optimos
1565 3028 1725 3126 pictores,
1752 3036 1793 3102 ut
1817 3028 1933 3103 Frons

269 3145 372 3240 Hals,
399 3169 501 3243 saepe
527 3145 655 3219 rictum
682 3146 850 3220 crederes.

319 3263 377 3336 Ex
413 3261 524 3335 altera
562 3269 661 3360 parte
703 3261 759 3335 VI
802 3261 913 3336 seculi
952 3262 1120 3335 videntur
1157 3285 1232 3336 6666
1270 3261 1407 3335 familia
1446 3261 1507 3334 III
1532 3260 1622 3332 hbe
1661 3269 1696 3334 et
1721 3260 1867 3335 fortasse
1892 3266 1927 3357 d,

270 3404 328 3478 pg.
358 3382 415 3475 16,
445 3381 502 3475 17,
541 3378 712 3453 acroteria
752 3379 1005 3453 Corinthiaco?
1029 3379 1123 3467 (vide
1160 3404 1217 3477 pg.
1245 3381 1320 3476 49),
1346 3379 1471 3453 deinde
1497 3377 1550 3450 ΙΙΙ
1576 3385 1686 3452 (ta-e
1720 3385 1741 3452 f
1770 3380 1815 3470 g?
1840 3386 1876 3451 et
1900 3408 1929 3476 e,

269 3520 328 3593 pg.
358 3496 503 3568 17-23
544 3502 579 3568 66
618 3498 676 3590 25,
717 3495 854 3569 nummi
891 3495 1007 3570 Attici
1041 3503 1077 3568 et
1100 3519 1199 3568 arma
1223 3494 1383 3568 Euboica
1392 3498 1420 3568 1.
1471 3494 1551 3567 Hae
1576 3519 1697 3569 omnes
1723 3495 1814 3568 rictu
1840 3501 1924 3568 sunt

271 3614 376 3711 paulo
402 3612 549 3710 minore,
577 3613 756 3710 superiore
781 3613 909 3712 capitis
936 3619 1034 3710 parte
1060 3636 1195 3710 semper
1220 3611 1334 3707 magis
1358 3612 1433 3686 lata
1451 3636 1557 3708 quam
1570 3611 1746 3708 inferiore,
1761 3612 1927 3686 dentibus

271 3729 421 3825 magnis,
448 3729 560 3803 oculis
585 3729 726 3826 magnis
753 3729 926 3827 rotundis,
971 3729 1129 3803 crinibus
1154 3729 1361 3827 plerumque
1385 3729 1424 3801 in
1449 3727 1634 3802 cincinnos
1660 3729 1847 3825 longiores,
1875 3728 1930 3801 in-

271 3847 410 3920 terdum
435 3845 475 3918 in
500 3847 630 3941 gradus
654 3846 825 3920 formatis.

322 3963 518 4058 Antiquior
541 3970 594 4036 666
620 3963 758 4037 familia
783 3962 837 4036 III
862 3968 895 4060 8,
921 3988 980 4062 pg.
1008 3965 1166 4036 29-32.
1194 3963 1303 4036 Rictu
1329 3987 1465 4061 semper
1490 3970 1543 4035 est
1568 3963 1734 4057 maxime,
1771 3986 1930 4059 recurvo,

272 4079 395 4152 dentes
433 4078 640 4177 plerumque
679 4103 751 4152 non
777 4087 934 4153 extremo
960 4102 1019 4153 cre
1043 4080 1103 4153 sed
1129 4079 1274 4151 caninos
1300 4078 1407 4151 habet
1433 4078 1620 4164 maximos,
1648 4077 1763 4149 crines
1788 4077 1826 4149 in
1852 4078 1929 4150 bre·

272 4218 334 4267 ves
369 4195 553 4267 cincinnos
592 4196 724 4268 redacti
759 4219 833 4268 esse
867 4194 993 4268 solent.
1047 4195 1166 4268 Huius
1192 4193 1348 4267 familiae
1373 4194 1553 4291 exemplar
1578 4216 1600 4265 a
1624 4192 1728 4265 facile
1752 4217 1797 4265 ex
1822 4192 1927 4265 initio

273 4311 382 4385 seculi
420 4311 475 4383 VI
513 4337 590 4386 6666
629 4319 755 4410 potest,
794 4320 877 4386 ante
917 4312 1071 4386 medinm
1097 4310 1254 4384 seculum
1280 4311 1383 4384 nobis
1408 4311 1476 4384 erit
1503 4334 1539 4406 a,
1567 4318 1706 4408 metopo
1729 4307 1931 4383 Selinuntia

272 4429 369 4524 (vide
406 4454 465 4527 pg.
494 4432 568 4526 30),
607 4454 714 4525 quam
753 4453 771 4500 c
811 4437 847 4502 et
873 4435 1010 4502 statuae
1036 4426 1199 4527 Cypriae,
1225 4424 1258 4518 ,d
1285 4433 1333 4518 (et
1358 4429 1429 4523 96),
1456 4451 1475 4500 6
1501 4433 1655 4524 tempore
1680 4425 1931 4499 dominationis

272 4544 484 4642 Aegyptiae,
525 4544 722 4642 excipiunt,
760 4545 910 4642 denique
936 4569 1030 4618 anno
1058 4546 1141 4640 499,
1169 4568 1238 4639 quo
1263 4567 1357 4617 anno
1384 4543 1635 4640 Aristocyprus
1662 4566 1724 4614 rex
1750 4541 1932 4615 Scleorum

273 4663 431 4759 decessit,
458 4662 534 4737 eius
559 4664 697 4735 nummi
722 4686 746 4755 γ
771 4667 820 4751 (66
847 4666 926 4756 166)
950 4669 1055 4736 erunt
1080 4662 1306 4757 antiquiores.
2001 4652 2005 4660 ’

324 4780 382 4853 Ex
407 4780 518 4854 altera
543 4804 681 4877 quoque
705 4779 761 4853 VI
781 4779 891 4853 seculi
916 4786 1016 4877 parte
1041 4780 1108 4853 erit
1132 4778 1169 4850 ΙΙ
1197 4779 1249 4875 la,
1275 4802 1400 4852 currus
1423 4776 1591 4851 Perusiae
1615 4783 1783 4875 repertus,
1810 4801 1868 4876 pg.
1897 4780 1932 4875 7,

275 4902 312 4970 et
337 4898 474 4970 nummi
499 4895 748 4991 Selgensium?
774 4895 791 4967 1
818 4896 910 4968 261)
937 4902 986 4985 (et
1011 4905 1043 4987 o)
1067 4903 1102 4969 et
1127 4894 1181 4970 ΠΙ
1208 4897 1285 4992 lla,
1309 4919 1367 4992 pg.
1395 4897 1417 4967 6
1443 4900 1478 4968 66
1504 4895 1565 4988 44,
1592 4892 1716 4966 deinde
1742 4894 1860 4992 capita
1883 4917 1929 4967 ex

313 5168 337 5243 ι)
357 5163 477 5225 Versum
493 5165 561 5224 haec
580 5164 661 5223 verba
680 5164 801 5225 effecisse
820 5162 964 5225 videntur:
986 5173 1153 5243 Λυσιμάχη
1174 5167 1214 5239 (δ’
1231 5167 1298 5242 ἐμὲ)
1319 5171 1511 5242 Τηλεμάχου
1531 5169 1625 5240 μήτηρ
1648 5167 1794 5234 ἀνέθηκεν.

1667 5261 1736 5332 11*
