4808 6390
1178 649 1224 722 39

465 884 549 934 nam
576 885 671 934 anno
706 863 778 935 443
815 861 943 935 Thurii
969 865 1102 937 11437
1130 861 1357 961 Amphipolis
1383 857 1428 933 ab
1454 859 1733 934 Atheniensibus
1759 860 1899 932 condita
1924 861 2021 950 sunt,

400 1006 401 1010 ¹
464 1000 579 1074 neque
612 978 674 1051 diu
712 987 792 1076 post
826 980 919 1052 vires
952 979 1167 1078 reipublicae
1201 982 1246 1055 ad
1283 979 1458 1053 coloniam
1495 976 1734 1050 deducendam
1769 975 2021 1073 suppetebant,

465 1094 525 1168 sed
550 1118 685 1168 annum
712 1097 788 1168 439
811 1095 967 1192 mallem,
994 1098 1087 1193 quod
1112 1121 1207 1172 anno
1232 1097 1346 1195 priore
1372 1096 1504 1169 bellum
1529 1119 1611 1168 oum
1638 1093 1765 1168 Samiis
1786 1093 1983 1188 gerebatur.

514 1210 575 1284 Ab
613 1210 679 1283 hoc
712 1210 823 1307 igitur
857 1236 953 1286 anno
986 1237 1116 1287 novam
1151 1237 1377 1288 nummorum
1411 1212 1535 1285 seriem
1568 1212 1725 1308 incipere
1764 1209 1902 1302 vellem,
1927 1205 2023 1304 quod

464 1352 534 1426 quo
572 1329 675 1402 modo
700 1329 827 1403 faciam
862 1354 935 1403 non
961 1331 1074 1428 video,
1100 1355 1184 1404 nam
1210 1332 1240 1405 si
1265 1330 1335 1426 hic,
1363 1353 1451 1425 quos
1477 1328 1621 1402 Imhooi
1644 1330 1710 1402 sub
1737 1328 1777 1402 Π
1803 1324 2023 1421 memoravit,

465 1444 689 1540 collocamus,
724 1446 817 1541 quod
852 1470 915 1544 per
939 1471 995 1520 me
1030 1446 1124 1543 licet,
1151 1448 1258 1521 etiam
1283 1448 1400 1521 minus
1426 1445 1588 1542 intelligo
1613 1469 1677 1519 cur
1701 1453 1821 1544 postea
1846 1444 1891 1518 ad
1917 1451 2022 1541 typos

465 1560 597 1658 priores
623 1561 792 1634 redierint
817 1569 852 1635 et
877 1587 923 1636 111
948 1563 1095 1659 nummi,
1122 1564 1189 1637 snb
1214 1563 1275 1636 III
1302 1566 1349 1636 23
1375 1563 1522 1657 recensi,
1549 1585 1621 1634 non
1647 1563 1733 1635 satis
1761 1560 1908 1657 antiquo
1935 1566 2020 1631 tem·

466 1675 544 1773 pori
589 1676 760 1750 adtributi
799 1678 872 1751 sint
909 1703 1041 1754 vereor.
1105 1679 1246 1754 Addam
1291 1679 1441 1776 denique
1475 1702 1640 1752 cancrum
1678 1679 1717 1751 in
1754 1677 1811 1750 his
1855 1674 2023 1770 nummis,

466 1800 639 1890 quantum
663 1796 735 1868 scio
762 1819 909 1893 semper,
936 1796 1006 1869 alio
1031 1797 1134 1869 modo
1159 1822 1265 1894 quam
1290 1798 1330 1869 in
1355 1795 1545 1869 Astacenis
1571 1795 1782 1894 dispositum
1809 1816 1883 1867 esse
1896 1791 2022 1884 (Pedes

464 1916 501 1984 et
535 1911 696 2009 forcipes,
724 1913 786 1986 ubi
811 1913 955 2010 adsunt,
982 1914 1021 1986 in
1047 1912 1105 1986 his
1129 1914 1315 1988 retroversi
1341 1914 1380 1986 in
1404 1912 1479 1987 illis
1504 1912 1632 2011 prolati
1659 1915 1770 2000 sunt).
1821 1909 1958 1984 Deinde
1982 1907 2023 1980 hi

465 2043 487 2092 Α
517 2048 662 2123 semper,
691 2052 866 2124 nusquam
891 2047 933 2098 Αε
958 2029 1136 2126 praebent.

516 2142 582 2216 Sed
620 2168 752 2218 nornen
778 2146 885 2218 etiam
911 2145 1020 2241 urbis,
1047 2170 1136 2241 quae
1162 2145 1226 2218 hos
1251 2169 1414 2218 nummos
1441 2145 1565 2241 edidit,
1596 2145 1741 2218 totidem
1761 2143 1890 2216 litteris
1916 2141 2024 2238 scrip-

467 2265 543 2332 tum
583 2259 622 2332 in
659 2262 765 2334 unico
800 2268 921 2336 tantae
961 2262 1185 2358 antiquitatis
1222 2263 1386 2360 exemplo
1427 2263 1558 2336 maiore
1595 2260 1887 2359 (Petropolitano)
1927 2256 2022 2355 apud

331 2408 334 2415 ·
467 2375 611 2449 Inrhooi
644 2377 681 2470 (l.
708 2378 732 2450 l.
762 2382 844 2474 25a)
884 2403 1049 2475 agnosco,
1077 2405 1160 2454 nam
1186 2398 1359 2450 ΑΠΟΛΛΩΝ
1386 2381 1478 2476 quod
1505 2381 1556 2453 ibi
1580 2380 1712 2475 legitur
1739 2401 1868 2451 nomen
1895 2375 2025 2470 magis·

467 2499 581 2566 tratus
606 2500 646 2566 ut
674 2489 957 2582 Ἀπολλωνίδης
983 2498 1046 2570 vix
1071 2522 1146 2572 esse
1173 2497 1312 2595 poterit,
1338 2498 1376 2570 in
1403 2498 1484 2571 aliis
1509 2499 1605 2570 enim
1631 2497 1749 2569 minus
1774 2493 1932 2590 antiquis
1960 2491 2021 2564 ubi

467 2610 613 2683 nomina
638 2612 909 2707 magistratuum
935 2613 1105 2710 leguntur
1129 2623 1309 2713 praeterea
1334 2639 1471 2713 semper
1496 2638 1560 2688 suo
1585 2614 1661 2687 loco
1696 2633 1716 2684 Α
1754 2612 1895 2707 legitur,
1931 2607 2025 2705 quod

467 2725 624 2799 hicnon
650 2727 700 2800 iit.
752 2728 887 2803 Cancer
913 2738 1032 2805 tamen
1059 2733 1103 2805 ad
1131 2732 1312 2805 sinistram
1338 2739 1392 2803 est
1417 2739 1458 2804 ut
1483 2755 1528 2804 ne
1551 2731 1648 2804 hunc
1674 2753 1856 2803 nummum
1883 2725 2023 2823 quidem

467 2866 547 2916 oum
576 2845 848 2940 antiquissimis,
875 2847 899 2920 l.
927 2847 952 2921 1.
977 2851 1040 2942 23,
1065 2849 1279 2945 coniungere
1303 2849 1415 2945 possis
1441 2858 1477 2921 et
1502 2850 1532 2922 11
1559 2849 1702 2921 omnino
1727 2846 1880 2920 volueris
1896 2844 2025 2916 mirum

468 2967 587 3034 tamen
625 2970 716 3035 esset
741 2965 886 3036 unicum
911 2964 1001 3038 illud
1026 2967 1065 3039 in
1090 2967 1351 3063 antiquioribus
1377 2991 1506 3040 nomen
1532 2968 1760 3062 magistratus
1786 2989 1848 3062 per
1886 2960 2024 3035 sillud

468 3075 584 3174 ipsum
610 3079 702 3173 qnod
732 3079 950 3153 desideratur
973 3082 1150 3178 incipere!

517 3191 730 3289 Apolloniae
756 3196 866 3290 igitur
899 3196 1002 3269 nobis
1027 3197 1065 3271 hi
1092 3199 1229 3271 nummi
1254 3205 1370 3272 erunt.
1423 3198 1618 3272 Cuiusnam
1643 3196 1855 3294 Apolloniae
1880 3194 2025 3286 fuerint,

468 3310 719 3406 quaerendum.
759 3313 835 3386 Nec
861 3313 969 3410 longa
993 3321 1108 3412 potest
1135 3338 1210 3388 esse
1235 3314 1422 3411 dubitatio,
1450 3315 1543 3411 quod
1569 3315 1608 3386 in
1635 3314 1712 3411 ipsa
1736 3312 1800 3385 illa
1825 3313 1979 3408 regione,
2006 3334 2027 3382 e

468 3449 539 3523 qna
564 3446 685 3501 omnes
712 3452 848 3528 semper
872 3429 936 3503 hos
964 3456 1126 3506 nummos
1156 3433 1324 3507 oriundos
1350 3456 1425 3506 esse
1451 3439 1676 3526 censuerunt,
1702 3429 1896 3527 Apollonia
1921 3451 2027 3524 quae-

468 3543 550 3616 dam
586 3545 655 3618 sita
693 3553 756 3642 111,
795 3547 839 3619 ad
878 3547 1089 3644 Ryndacum
1126 3550 1229 3622 dicta.
1269 3550 1389 3623 Huius
1426 3551 1524 3624 urbis
1562 3572 1640 3622 raro
1679 3548 1810 3622 mentio
1854 3548 1894 3619 fit
1932 3545 2028 3643 apud

468 3661 654 3758 antiquos3
686 3687 781 3736 nona
805 3664 911 3738 huius
937 3667 1091 3739 nominis
1117 3673 1170 3740 est
1195 3667 1287 3764 apud
1314 3667 1543 3765 Stephanum,
1570 3673 1783 3740 memoratur
1807 3690 1829 3738 a
1855 3663 2028 3738 Strabone

468 3776 561 3867 (XII
600 3780 699 3874 575),
735 3803 757 3850 a
790 3779 909 3853 Plinio
944 3781 1005 3876 (N.
1033 3783 1081 3856 H.
1111 3782 1157 3856 V.
1184 3783 1253 3856 seo.
1280 3785 1352 3879 32),
1379 3808 1401 3857 1
1426 3783 1626 3857 Ptolemaeo
1651 3782 1711 3871 (V.
1740 3784 1776 3856 2.
1808 3783 1878 3876 14),
1904 3778 2027 3876 paucis

468 3892 560 3989 aliis,
598 3894 637 3966 in
674 3895 823 3969 historia
857 3896 964 3971 semel
990 3903 1128 3972 tantum
1154 3901 1316 3994 occurrit,
1343 3900 1435 3997 apud
1461 3899 1693 3974 Plutarchum
1719 3898 1757 3971 in
1783 3898 1858 3971 vita
1883 3893 2027 3970 Luculli

469 4013 556 4105 (11).
608 4011 710 4100 Quod
737 4020 867 4109 tamen,
903 4038 981 4087 oum
1022 4016 1162 4111 longius
1201 4039 1223 4089 a
1261 4016 1363 4088 litore
1401 4017 1538 4090 abesset
1571 4040 1678 4112 quam
1702 4015 1806 4087 utin
1830 4011 2028 4088 Athenien·

469 4125 561 4198 sium
586 4127 787 4200 societatem
813 4130 1036 4228 reciperetur,
1064 4155 1137 4204 non
1164 4139 1345 4229 tantopere
1368 4133 1568 4205 mirandum
1595 4141 1658 4229 est,
1686 4131 1823 4206 etiamsi
1848 4131 1935 4203 satis
1953 4151 2027 4199 mo·

471 4243 582 4315 menti
624 4243 730 4317 fuerit
764 4256 804 4318 ut
841 4248 872 4320 11
912 4273 933 4319 1
971 4248 1088 4321 Persis
1123 4249 1260 4344 argenti
1286 4248 1395 4322 flandi
1421 4249 1574 4323 feriundi
1599 4248 1743 4322 libertas
1769 4245 2024 4320 concederetur.

470 4355 561 4430 Cum
598 4383 710 4454 neque
749 4362 1024 4460 Miletopolidos,
1062 4387 1176 4459 neque
1201 4365 1372 4462 Dascylii,
1398 4389 1512 4462 neque
1536 4366 1705 4463 Myrleae,
1732 4386 1845 4460 neque
1869 4360 1925 4434 011
1951 4367 2026 4432 tam

467 4473 606 4570 antiqui
633 4478 768 4549 nummi
794 4478 1026 4575 innotuerint,
1052 4481 1128 4553 fieri
1155 4488 1268 4578 potest
1281 4489 1322 4555 ut
1334 4489 1408 4555 tota
1422 4481 1486 4555 illa
1499 4483 1594 4578 regio
1606 4481 1702 4554 hisce
1716 4481 1762 4552 sit
1775 4476 1929 4550 nummis
1946 4499 2023 4548 usa.

518 4589 627 4663 Porro
662 4593 754 4687 quod
792 4595 836 4666 ad
876 4603 980 4692 typos
1011 4596 1158 4692 adtinet,
1197 4604 1303 4694 caput
1336 4598 1518 4695 Apollinis
1543 4599 1635 4672 nulli
1661 4596 1775 4692 magis
1800 4601 1923 4691 aptum
1949 4616 2025 4665 esse

470 4705 549 4777 urbi
575 4729 680 4779 nemo
705 4710 850 4804 negabit
874 4717 910 4783 et
935 4711 1182 4806 gravissimum
1208 4712 1349 4786 tandem
1375 4721 1632 4810 argumentum,
1661 4725 1729 4808 qu'o
1755 4719 1835 4784 utar
1859 4716 1899 4782 ut
1912 4732 2027 4781 meam

470 4844 612 4896 causam
645 4827 859 4924 pervinram,
886 4829 1029 4925 praebet
1054 4851 1218 4901 nummus
1243 4830 1336 4902 inter
1360 4854 1485 4903 aeneos
1512 4832 1668 4927 ultimus,
1695 4830 1721 4903 l.
1757 4830 1782 4903 l.
1810 4831 1870 4922 48,
1905 4827 2027 4921 inquo

467 4937 599 5035 Apollo
622 4946 800 5035 spectatur
824 4944 952 5037 nudus,
979 4943 1071 5027 adu,
1100 4943 1215 5040 capite
1241 4967 1280 5030 s.,
1310 4944 1344 5018 d.
1372 4970 1510 5018 ramum
1537 4954 1673 5041 tenens,
1701 4970 1790 5041 quae
1814 4945 1892 5041 ipsa
1908 4942 2025 5035 imago

470 5052 508 5125 in
542 5057 696 5130 nummis
724 5060 842 5133 aencis
867 5061 1119 5158 imperatorum
1145 5062 1296 5135 recurrit
1319 5064 1499 5149 (Mionnet
1525 5066 1565 5138 II
1591 5090 1649 5163 pg.
1678 5066 1750 5137 520
1772 5062 1820 5136 N.
1847 5062 1907 5156 40,
1933 5058 2027 5131 Fau·

470 5169 584 5246 stinae
608 5180 644 5247 ct
668 5174 704 5249 S.
730 5175 766 5247 V
792 5202 849 5274 pg.
878 5181 950 5251 290
976 5178 1023 5252 N.
1052 5181 1110 5271 68,
1138 5179 1179 5252 L.
1206 5179 1307 5270 Veri)
1334 5197 1647 5250 anouaonmron·
1666 5197 1785 5251 uroc·
1806 5192 1877 5247 ΡΥΝ
1992 5181 2029 5247 11
