4808 6390
1089 675 1136 746 95

290 886 456 960 dentibus
481 885 630 980 magnis,
656 891 720 957 aut
744 885 867 980 lingua
891 893 1041 983 exserta,
1066 886 1106 959 in
1131 910 1197 960 usu
1221 885 1353 960 fuerint
1378 892 1419 959 nt
1443 892 1506 960 aut
1530 885 1625 959 mala
1648 892 1846 959 avermrent
1876 894 1941 960 aut

292 1001 454 1074 hostibus
487 1006 653 1072 terrorem
685 1000 894 1097 incuterent,
927 1009 1030 1075 caute
1063 1002 1207 1075 omnino
1244 1026 1319 1075 rem
1343 1024 1445 1097 agere
1470 1001 1647 1074 debemus.
1672 1001 1749 1096 Ego
1773 999 1942 1075 libentius

290 1140 416 1190 manus
443 1139 586 1213 prorsus
610 1115 786 1189 abstinere
812 1116 1008 1213 maluerim,
1044 1141 1116 1191 non
1142 1125 1262 1192 tamen
1287 1140 1429 1215 possum
1454 1117 1542 1212 quin
1568 1140 1627 1190 eas
1653 1117 1940 1214 comparationes,

290 1256 380 1329 quae
405 1253 442 1305 se
467 1230 556 1303 mihi
580 1231 784 1327 obtulerint,
812 1231 999 1329 proferam.

340 1346 455 1420 Maior
480 1353 534 1419 est
559 1346 681 1419 vultus
706 1348 901 1422 similitudo
926 1349 1019 1422 inter
1042 1349 1173 1423 Beuum
1200 1356 1236 1422 et
1271 1348 1409 1422 Silenos
1436 1371 1543 1442 quam
1568 1348 1662 1421 inter
1687 1371 1767 1420 eum
1791 1354 1829 1420 et
1852 1344 1943 1420 Gor·

290 1485 409 1558 genes,
449 1468 568 1535 tamen
608 1463 698 1534 Besa
743 1470 784 1536 ut
809 1462 928 1559 Gorgo
952 1464 1077 1560 lingua
1101 1471 1241 1538 exserta
1266 1488 1341 1538 esse
1367 1464 1456 1538 solet
1481 1471 1518 1536 et
1542 1462 1733 1558 interdum,
1758 1462 1825 1537 etsi
1850 1483 1940 1553 raro,

291 1580 329 1651 in
354 1579 446 1651 rictu
471 1579 601 1651 maiore
625 1579 734 1652 habet
759 1580 880 1654 dentes
907 1581 1069 1678 (Lepsius
1093 1581 1310 1655 Denkmeler
1335 1581 1354 1654 Ι
1379 1581 1451 1653 tab.
1468 1582 1550 1654 108.
1575 1583 1608 1653 2.
1623 1578 1737 1653 Philis
1751 1581 1791 1652 in
1809 1575 1940 1675 templa

291 1695 330 1766 in
355 1695 464 1767 abaco
489 1693 656 1791 columni,
682 1695 830 1768 Bonomi
855 1696 926 1769 and
947 1695 1133 1769 Arundale
1160 1697 1232 1768 tub.
1260 1699 1306 1769 23
1333 1695 1391 1791 fig.
1421 1696 1494 1790 63).

344 1811 437 1884 Besa
476 1835 556 1884 raro
601 1813 744 1885 omnino
785 1814 896 1887 barba
933 1820 1038 1909 earet,
1081 1819 1200 1887 tamen
1225 1813 1402 1887 interdum
1427 1814 1466 1886 in
1490 1812 1747 1909 antiquissimis
1771 1808 1942 1906 exemplis

293 1929 426 2023 (Prisse
464 1927 668 2002 d’Arennes
706 1929 746 2002 ΙΙ
788 1929 860 2004 tab.
899 1930 1036 2004 ultima.
1075 1933 1110 2025 9,
1136 1929 1167 2003 si
1191 1929 1333 2026 quidem
1357 1929 1416 2002 hic
1440 1931 1534 2002 Besa
1558 1935 1625 2019 est)
1651 1929 1711 2002 sed
1736 1927 1855 2022 Gorgo
1879 1924 1946 2000 etsi

292 2045 419 2118 mulier
442 2052 497 2119 est
522 2069 623 2142 saepe
647 2053 702 2119 est
726 2046 882 2119 barbata.

342 2162 436 2233 Besa
462 2160 553 2257 pelle
579 2162 732 2234 amiotus
758 2185 833 2234 esse
858 2161 956 2255 solet,
984 2185 1096 2256 neque
1122 2183 1202 2234 raro
1227 2158 1421 2255 Gorgones,
1440 2183 1562 2233 verum
1576 2183 1648 2231 non
1662 2156 1941 2254 antiquissimae,

293 2275 384 2373 pelle
409 2276 635 2348 amiciuntur.

343 2391 461 2486 Gorgo
495 2391 591 2463 alata
628 2414 703 2464 csse
730 2390 832 2486 solet,
858 2391 961 2485 Besa,
989 2390 1055 2463 etsi
1080 2413 1168 2485 sero,
1194 2396 1313 2463 tamen
1338 2397 1373 2462 et
1397 2389 1535 2462 duobus
1561 2395 1596 2460 et
1622 2395 1773 2484 quatuor
1797 2386 1864 2461 alis
1890 2409 1946 2460 oe·

294 2506 414 2579 currit.
442 2505 591 2600 (Micali,
619 2505 709 2579 Stor.
735 2504 817 2579 dell'
843 2514 917 2579 ant.
945 2505 1029 2602 Pop.
1056 2505 1127 2578 tab.
1156 2507 1178 2578 2
1204 2512 1239 2578 et
1265 2508 1307 2601 33
1332 2504 1427 2579 Stele
1452 2504 1495 2578 de
1515 2505 1749 2600 Metternieh3
1775 2502 1945 2577 Zeitsohr.

294 2621 319 2695 l.
345 2622 435 2716 Aeg.
463 2620 616 2717 Sprache
644 2623 736 2695 1881
766 2644 824 2718 pg.
853 2623 926 2715 16).

345 2735 461 2833 Caput
500 2735 620 2829 Besae,
662 2743 703 2807 ut
746 2735 934 2831 Gorgonis,
970 2735 1063 2808 inter
1099 2734 1140 2807 ΙΙ
1178 2758 1311 2830 angues
1350 2734 1495 2830 lingitur
1529 2734 1661 2823 (Prisse
1684 2734 1747 2832 113
1772 2733 1948 2807 Rosellini

295 2851 335 2924 II
361 2850 433 2923 tab.
461 2852 521 2923 58.
548 2852 571 2922 4
599 2881 641 2916 --
670 2850 918 2948 champollion
943 2851 983 2924 ΙΙ
1008 2850 1082 2924 tab.
1111 2852 1194 2925 168.
1222 2852 1243 2923 3
1271 2881 1314 2916 =
1340 2850 1470 2946 Weiss,
1484 2850 1789 2924 Kosthmkundel
1808 2849 1866 2944 fig.
1885 2850 1947 2940 ⁷5)

296 2967 356 3041 sed
396 2967 490 3040 inter
524 2966 740 3063 gryphomm
779 2993 916 3065 quoque
941 2975 977 3041 et
1001 2991 1169 3064 equorum
1198 2968 1315 3065 capita
1340 2968 1472 3057 (Prisse
1498 2968 1538 3042 ΙΙ
1564 2969 1635 3042 tab.
1663 2966 1816 3063 ultima).
1856 2968 1948 3039 Besa

296 3086 334 3156 in
372 3084 525 3157 nummis
563 3084 705 3157 Insulae
743 3085 904 3180 Minoris,
947 3096 1054 3160 nenas
1095 3084 1285 3181 inscriptis,
1311 3109 1420 3158 manu
1446 3108 1473 3158 s.
1500 3110 1652 3181 anguem
1680 3092 1788 3158 tenet.
1816 3085 1948 3181 (Heiss,

295 3200 393 3274 Mon.
419 3200 461 3272 de
486 3199 679 3297 l’Espagne
704 3201 777 3274 tab.
806 3203 864 3273 63.
894 3203 968 3295 64).

345 3315 437 3388 Besa
462 3322 497 3387 et
522 3315 651 3410 Gorgo,
679 3322 860 3413 utsupra,
886 3339 944 3413 pg.
972 3318 1007 3412 7,
1033 3316 1198 3411 vidimus,
1225 3315 1319 3388 inter
1342 3316 1430 3388 duos
1455 3316 1573 3389 leones
1599 3322 1800 3390 occurrunt.

347 3432 384 3504 A
427 3430 592 3525 Gorgone
627 3430 725 3503 tibiis
750 3431 898 3504 canendi
923 3436 1034 3504 artem
1059 3431 1222 3503 Minerva
1246 3429 1370 3502 didicit
1394 3436 1430 3503 et
1453 3430 1546 3503 Besa
1571 3431 1685 3503 omnis
1710 3431 1847 3527 generis
1872 3455 1949 3504 mu·

296 3547 388 3619 sicae
425 3545 658 3643 peritissimus
696 3552 759 3620 est.
803 3546 977 3644 Exempla
1012 3545 1156 3641 collegit
1181 3544 1238 3618 vir
1262 3546 1354 3617 doct.
1380 3544 1506 3641 Pleyte
1532 3546 1734 3644 (Ghapitres
1758 3547 1874 3645 suppl.
1900 3547 1949 3622 du

296 3660 402 3734 Livre
428 3662 488 3733 des
514 3662 627 3735 Morte
656 3663 737 3756 162,
768 3662 871 3758 162*,
902 3663 972 3734 163
998 3685 1056 3759 pg.
1086 3663 1183 3755 132).
1220 3661 1370 3734 Accedit
1395 3662 1601 3758 praesertim
1627 3668 1703 3736 tota
1727 3663 1944 3761 symphonia

296 3819 344 3830 —
370 3784 448 3850 octo
475 3786 560 3850 sunt
584 3778 695 3851 Besae
722 3821 769 3831 -
796 3785 835 3850 in
860 3778 966 3851 heroo
991 3777 1104 3875 Lycio
1129 3777 1361 3873 (dolbuschi)
1388 3778 1431 3851 de
1457 3802 1526 3874 quo
1551 3786 1673 3853 narrat
1698 3781 1755 3853 vir
1771 3780 1815 3854 el.
1831 3781 1950 3854 Benn-

295 3891 377 3963 dorf
399 3891 534 3982 (Mitth.
563 3917 627 3964 aus
653 3892 873 3966 Oesterreich
890 3878 955 3965 ¹VI
980 3917 1037 3991 pg.
1066 3894 1153 3984 201)
1179 3893 1219 3966 in
1243 3918 1312 3990 quo
1338 3917 1452 3989 neque
1477 3894 1575 3968 tibiis
1589 3902 1754 3969 canentes
1769 3896 1948 3970 deficiunt.

345 4005 391 4078 In
416 4007 548 4104 pateris
573 4009 691 4081 aeneis
725 4008 933 4082 Phoeniceis
960 4009 999 4081 in
1023 4010 1176 4107 Assyria
1199 4009 1347 4108 repertis
1374 4009 1584 4106 (Nimroud,
1608 4012 1763 4109 Layard,
1788 4012 1887 4086 Mon.
1913 4013 1953 4086 of

296 4122 460 4196 Nineveh
484 4122 524 4196 Il
550 4124 622 4197 tab.
650 4125 695 4196 61
724 4125 755 4197 B
781 4134 817 4198 et
841 4124 902 4198 ΝΟ.
932 4126 994 4215 65)
1021 4126 1114 4198 Besa
1140 4127 1292 4199 occurrit
1317 4150 1340 4199 a
1365 4126 1502 4199 duobus
1527 4127 1727 4222 iuvenibus,
1762 4134 1804 4200 ut
1828 4128 1948 4223 Gorgo

296 4262 319 4310 a
344 4238 482 4332 Perseo,
509 4246 644 4335 captus.

288 4422 292 4431 '
334 4417 415 4476 Tales
439 4421 541 4493 figuras
567 4419 692 4477 Sirenses
719 4420 971 4498 multiplicaverunt
992 4421 1049 4490 sed,
1069 4427 1178 4499 praeter
1196 4421 1308 4480 Indicas
1327 4426 1501 4489 memoratas,
1527 4419 1746 4497 antiquissimae,
1765 4439 1836 4497 quoe
1855 4426 1950 4479 tumen

298 4512 340 4570 IX
359 4532 387 4589 p.
407 4512 475 4570 Ohr.
496 4533 523 4570 n.
543 4514 636 4571 seculo
655 4514 826 4591 antiquiores
846 4535 902 4573 non
922 4535 980 4573 ease
1006 4521 1133 4593 possunt,
1153 4516 1183 4574 in
1202 4515 1295 4574 insula
1314 4515 1424 4574 Isbadii
1443 4516 1540 4591 (June)
1561 4519 1667 4572 exstare
1684 4514 1823 4573 videntur.
1844 4515 1950 4574 uarum

297 4606 455 4682 exemplum
475 4606 567 4682 cupite
595 4607 684 4665 multo
704 4627 788 4685 quam
808 4615 962 4667 ceterarum
981 4609 1107 4685 Gorgoni
1123 4609 1256 4667 similiore
1276 4614 1365 4667 exstat
1384 4607 1412 4665 in
1431 4607 1514 4665 horto
1528 4606 1675 4682 Zoologico
1684 4606 1949 4673 Amstelodamensi.

297 4698 404 4775 Capitis
432 4700 580 4774 imaginem
603 4701 660 4759 tob.
680 4702 728 4760 III
750 4704 785 4759 10
804 4701 877 4760 dedi.
907 4702 1074 4778 Gorgonum
1097 4702 1259 4779 praesertim
1278 4721 1422 4779 comparas
1443 4701 1526 4759 velim
1546 4699 1594 4758 111
1614 4713 1664 4764 50.
1685 4699 1783 4758 (latera
1801 4701 1900 4776 figura,
1919 4705 1953 4759 ut

297 4792 397 4862 solent,
417 4792 505 4850 virilis
525 4801 575 4863 est,
595 4795 718 4868 adversa,
738 4796 829 4871 longis
850 4796 985 4854 cincinnis
1004 4796 1086 4866 laxis,
1107 4816 1128 4854 s.
1149 4796 1292 4872 cingulum
1312 4796 1348 4853 ad
1358 4795 1442 4872 pedes
1452 4794 1740 4864 defluentemtenens,
1753 4799 1780 4851 et
1791 4794 1829 4862 d.,
1845 4793 1952 4870 pectori

298 4884 421 4954 admota,
441 4886 511 4943 olim
531 4886 637 4943 elavem
657 4888 776 4946 tenebat.
796 4888 934 4964 Linguam
953 4894 1089 4948 exsertam
1109 4906 1164 4945 non
1183 4887 1283 4946 habere
1303 4887 1400 4956 solent,
1420 4885 1579 4963 exemplum
1598 4892 1692 4944 tamen
1712 4884 1883 4944 eodemloeo
1893 4885 1951 4944 vidi

297 4976 327 5035 in
346 4977 445 5055 capulo
467 4978 554 5055 gladii
573 4998 664 5048 aureo,
685 4981 879 5039 &amantibus
898 4980 1068 5039 distinctum.
1089 4979 1230 5039 muna
1248 4978 1274 5037 ei
1294 4998 1394 5037 nornen
1412 4985 1462 5037 est.

335 5069 498 5129 Deliniandi
517 5077 640 5149 potestas
658 5073 730 5152 mihi
749 5093 766 5130 a
786 5073 846 5131 vir'o
867 5073 943 5133 doct.
963 5073 1135 5132 Westerman
1154 5072 1349 5132 liberalissime
1367 5091 1496 5130 ooncesm
1516 5079 1566 5132 est.

336 5163 470 5239 Magnam
488 5171 596 5241 partem
615 5184 711 5223 eorum
730 5185 801 5244 quae
821 5165 867 5224 hio
884 5167 1013 5242 congessi
1032 5167 1093 5226 viro
1113 5167 1186 5226 duct.
1207 5165 1304 5244 Pleyte
1323 5165 1418 5224 debeo.
