4898 6420
1200 568 1249 641 58.

494 769 721 868 6116666616,
748 776 821 849 tab.
851 778 897 849 10
924 807 967 844 =
993 778 1092 852 Mon.
1119 778 1201 852 dell'
1227 780 1318 854 Inst.
1344 780 1416 855 III.
1443 782 1515 854 tab.
1543 785 1590 857 42
1616 783 1868 857 circumdatum
1881 784 2056 859 XXVIII

493 913 575 985 ang.
617 893 748 988 parvis,
783 894 908 969 deinde
947 897 1070 970 ordine
1103 897 1268 994 ferarum,
1305 898 1430 972 (1616(16
1456 901 1572 997 undis,
1599 901 1724 974 deinde
1750 901 1898 977 alternis
1923 903 2054 978 Silonis

493 1012 611 1104 (snper
649 1009 819 1105 piscibus)
860 1013 958 1086 tibiis
984 1020 1048 1086 aut
1073 1015 1216 1111 syringe
1242 1016 1451 1090 canentibus
1476 1023 1512 1089 et
1538 1017 1685 1091 Sirenis.
1737 1017 1783 1090 In
1808 1018 1931 1092 infima
1955 1026 2054 1119 parte

492 1121 657 1196 lucernae
683 1149 812 1200 aeneae
838 1128 1058 1227 multiplicis.

542 1239 698 1313 Parvula
735 1242 876 1317 silentio
916 1246 1123 1342 praeteribo,
1164 1246 1299 1320 invitus
1333 1249 1504 1343 quaedam
1542 1249 1641 1323 velut
1680 1272 1771 1343 quae
1809 1249 1847 1322 in
1873 1250 2053 1347 amphoris

492 1359 759 1457 panathenaicis
796 1361 1000 1437 indicantur
1033 1364 1125 1460 apud
1153 1364 1313 1437 Gerhard
1340 1366 1392 1459 (V
1392 1366 1592 1440 asenbilder
1617 1391 1661 1438 zu
1679 1367 1802 1440 Berlin
1826 1367 1899 1441 tab.
1914 1369 2052 1466 A.3.9)‚

491 1477 653 1550 66666116
688 1478 841 1575 plurima
875 1482 974 1554 velut
1013 1505 1054 1553 ea
1092 1483 1246 1576 quaein
1272 1483 1424 1579 speculis
1450 1485 1610 1557 Etruscis
1636 1490 1855 1581 spectantur,
1882 1485 2053 1581 equibus

492 1618 564 1667 666
589 1594 704 1667 citabo
730 1595 800 1668 nisi
815 1594 987 1695 Gerhard,
1003 1599 1079 1671 Etr.
1107 1597 1166 1695 Sp.
1183 1600 1242 1692 87,
1254 1600 1312 1693 69,
1330 1602 1412 1694 123,
1430 1603 1511 1696 133,
1530 1604 1611 1696 146,
1627 1601 1801 1694 153,156,
1816 1602 1900 1675 335.
1917 1605 1951 1698 2,
1964 1604 2049 1676 339.

1083 1748 1383 1761 m

540 1835 698 1910 Tandem
732 1834 876 1933 perveni
916 1835 961 1908 ad
1000 1860 1081 1909 rora
1119 1836 1296 1933 Gorgonis
1322 1837 1439 1935 capita
1464 1835 1570 1908 huius
1596 1839 1735 1932 generis
1761 1863 1851 1935 quae
1876 1839 1915 1911 in
1942 1840 2049 1936 vasis,

490 1953 605 2025 rubris
643 1952 775 2048 figuris,
815 1951 930 2034 editis,
965 1975 1049 2024 nam
1087 1953 1130 2026 de
1155 1954 1297 2027 ineditis
1323 1953 1416 2026 nihil
1441 1952 1586 2046 affirmo,
1615 1961 1814 2050 occurrunt,
1842 1961 1915 2027 tam
1942 1979 2052 2052 parra

490 2077 530 2144 ut
556 2094 658 2166 saepe
684 2069 748 2141 vix
774 2076 969 2142 memoratu
994 2069 1103 2165 digna
1128 2073 1328 2167 videantur,
1355 2095 1445 2167 quae
1470 2070 1529 2143 hic
1554 2072 1815 2169 perspicuitatis
1846 2096 1954 2146 causa
1969 2096 2052 2146 con·

484 2194 584 2282 gesta
608 2188 652 2259 ad
685 2211 786 2259 suam
811 2186 973 2282 quodque
998 2186 1171 2261 familiam
1196 2190 1403 2284 adsignabo.

391 2311 446 2386 sel
491 2309 509 2378 1
547 2306 620 2402 Cap
675 2303 851 2398 Gorgonis
877 2303 965 2400 ling,
991 2329 1078 2400 exa,
1105 2307 1197 2379 rictu
1222 2332 1330 2389 max„
1355 2305 1452 2378 dent.
1479 2329 1589 2402 para,
1616 2330 1704 2402 aua,
1731 2307 1834 2404 6166,
1860 2306 1940 2380 XII
1965 2330 2048 2403 ang.

491 2423 672 2518 circumd.,
698 2423 921 2521 potissimum
941 2446 1020 2494 oum
1047 2422 1094 2491 8e'
1119 2425 1329 2498 affinitatem
1354 2424 1610 2496 demonstrans.

540 2542 584 2614 In
624 2541 736 2637 clipeo
774 2539 890 2613 herois
928 2540 966 2611 in
994 2540 1105 2636 cylice
1148 2555 1470 2622 urroarJsoruaoor
1508 2539 1689 2635 inscripta.
1742 2539 1904 2613 Gerhard
1928 2540 1976 2615 A.
2003 2539 2050 2625 V,

490 2661 573 2754 195,
615 2660 702 2751 196,
732 2656 840 2728 Klein
867 2680 924 2753 pg.
954 2658 1036 2729 163.
1073 2659 1106 2750 6,
1143 2656 1203 2751 661
1229 2656 1323 2728 hanc
1348 2655 1497 2752 cylicem
1524 2662 1666 2753 propter
1695 2655 1895 2754 Hipparchi
1919 2680 2049 2730 nomen

487 2775 648 2872 Epicteto
673 2779 736 2846 aut
761 2773 838 2845 eius
864 2771 967 2844 sociis
992 2773 1203 2867 adsignavit.

390 2893 457 2964 loo
493 2899 514 2965 2
559 2892 645 2988 Gap.
673 2890 850 2985 Gorgonis
874 2888 962 2983 ling.
990 2914 1063 2962 exs.
1091 2914 1204 2987 paru,
1232 2890 1323 2961 rictu
1350 2889 1440 2962 mod.
1467 2896 1572 2981 rectu,
1600 2889 1697 2960 buco.
1725 2889 1803 2982 lat,
1830 2912 1920 2982 aua,
1947 2889 2049 2962 cuius

491 3011 606 3083 crines
632 3034 703 3081 non
730 3013 945 3106 spectantur,
972 3007 1070 3080 XIII
1097 3032 1178 3102 ang.
1206 3007 1384 3080 circumd..
1413 3007 1583 3078 Maiorem
1609 3007 1716 3078 etiam
1742 3006 1952 3078 affinitatem
1967 3029 2049 3079 cum

485 3124 547 3196 106
572 3128 752 3225 praeberet
786 3124 816 3196 si
841 3123 965 3218 lingua
992 3125 1104 3197 maior
1128 3132 1231 3197 esset.

535 3246 580 3319 Iu
620 3244 732 3341 clipeo
770 3241 924 3316 Achillis
964 3242 1003 3313 iu
1028 3242 1156 3339 cotyla,
1182 3266 1255 3338 rep.
1284 3241 1403 3335 Caere,
1431 3263 1526 3312 nunc
1553 3239 1789 3314 Vindobonae
1815 3240 1864 3327 (k.
1891 3239 1926 3313 k.
1955 3240 2048 3314 Μ66.

484 3362 509 3436 1.
536 3363 610 3449 K).
638 3361 736 3433 Mon.
762 3359 796 3431 (1.
826 3359 915 3431 1661.
941 3357 1042 3430 VIII
1068 3359 1141 3432 tab.
1170 3360 1237 3455 27,
1264 3357 1381 3430 Gonze
1406 3356 1452 3429 V.
1479 3355 1535 3430 Bi.
1563 3356 1582 3428 I
1609 3357 1679 3428 tab.
1709 3359 1742 3429 3.
1773 3360 1804 3429 1.

393 3478 456 3546 loe
491 3483 512 3552 3
555 3479 641 3576 Gap.
680 3475 858 3570 Gorgonis
897 3474 985 3569 ling.
1025 3498 1097 3549 ers.
1124 3476 1270 3571 minore,
1294 3473 1386 3545 rictu
1412 3497 1531 3570 parvo,
1559 3474 1660 3546 buco.
1687 3474 1812 3569 inflat,
1838 3497 1928 3569 666,
1955 3473 2043 3546 crin.

488 3603 609 3669 ornate
635 3595 763 3690 dispos.
791 3592 879 3665 med.
907 3591 977 3663 div.
1006 3588 1077 3663 fere
1102 3591 1206 3663 utin
1231 3591 1314 3664 iam.
1342 3597 1385 3662 14
1411 3589 1504 3662 iuter
1530 3614 1636 3686 quam
1661 3597 1697 3663 et
1726 3597 1790 3663 166
1817 3590 1972 3663 medium
1999 3597 2050 3662 te-

486 3735 569 3785 nere
604 3711 755 3794 ridetur,
796 3707 891 3781 XVI
917 3731 998 3800 aug.
1026 3707 1120 3778 ciro..

534 3828 580 3900 In
614 3827 724 3922 clipeo
759 3824 943 3898 Minervae
980 3823 1020 3895 in
1054 3821 1165 3919 cylioe
1203 3821 1373 3918 inscripta
1397 3836 1788 3904 †a÷evororreror÷15u
1827 3839 2049 3908 6166601601

488 3959 700 4026 eneconem.
750 3941 848 4013 Mon.
887 3939 979 4014 ined.
1016 3939 1114 4036 publ.
1152 3965 1186 4036 p.
1213 3937 1237 4010 l.
1264 3937 1354 4012 Sect.
1381 3939 1441 4012 Fr.
1468 3937 1621 4011 (1.1Ἰ661.
1648 3940 1720 4012 tab.
1753 3940 1810 4026 16,
1839 3940 1905 4034 17,
1933 3937 2050 4012 Gonze

488 4057 1120 4157 rfflvmafflmna

534 4177 631 4251 Huic
673 4176 781 4249 addas
814 4175 922 4249 velim
958 4173 1131 4247 circulum
1165 4172 1224 4246 IX
1248 4195 1330 4266 ang.
1357 4170 1627 4245 circumdatum.

535 4295 579 4368 In
606 4294 717 4390 clipeo
742 4293 897 4366 Achillis
924 4293 963 4365 in
977 4292 1089 4390 cylice
1103 4290 1275 4386 inscripta
1289 4297 1786 4383 (ffirmaorrbobEFO-EIEN,
1813 4309 1886 4384 rep.
1914 4285 2047 4360 Volcis.

486 4409 647 4485 Gerhard
673 4410 720 4482 A.
746 4408 792 4482 V.
821 4410 905 4504 224,
933 4410 1019 4504 225,
1046 4407 1162 4482 Conna
1184 4406 1232 4479 V.
1258 4404 1316 4478 Bl.
1343 4404 1379 4477 V
1404 4407 1477 4481 tab.
1506 4409 1539 4479 6.
1568 4408 1617 4503 2,
1644 4403 1757 4479 Klein
1785 4403 1832 4477 N.
1861 4404 1895 4475 8.

411 4533 429 4602 Ρ
484 4531 508 4601 4
545 4529 631 4626 066.
671 4527 848 4623 Gorgonis
873 4527 962 4620 ling.
999 4524 1100 4598 nulla
1129 4525 1185 4618 (1),
1221 4546 1279 4595 ore
1305 4528 1340 4595 61
1365 4529 1484 4596 mento
1508 4524 1658 4619 minuto,
1685 4545 1803 4616 magn.
1832 4522 1945 4618 buco,
1971 4544 2047 4595 aur.

487 4669 618 4741 magn,
645 4645 734 4717 crin.
761 4644 822 4740 qui
848 4644 886 4717 16
912 4641 1108 4737 cincinnos,
1135 4639 1325 4712 secundum
1351 4638 1464 4713 lineas
1489 4641 1530 4713 in
1556 4664 1693 4714 summa
1707 4640 1822 4711 fronte
1836 4660 2049 4732 convergun-

486 4771 550 4860 tes,
577 4762 755 4835 desinunt.
807 4760 919 4834 Aliud
944 4760 1053 4833 huius
1077 4757 1216 4854 generis
1241 4762 1347 4854 caput
1372 4780 1445 4830 non
1471 4758 1565 4832 nori.

534 4879 580 4951 16
606 4884 743 4976 pectore
768 4878 963 4974 Minervae,
989 4877 1028 4948 in
1053 4875 1165 4972 cylice
1189 4873 1361 4971 iuscripta
1380 4884 1811 4966 evmaobrrorswoeserr,
1839 4895 1912 4968 rep.
1927 4870 2047 4946 Gaere.

487 4996 580 5071 Mus.
607 4996 699 5092 Lup.
726 4996 824 5068 Mon.
852 4992 915 5069 Gr.
941 4991 1039 5092 publ.
1065 5017 1101 5090 p.
1128 4991 1238 5066 l'Ass.
1266 5017 1299 5089 p.
1327 4991 1430 5064 l'enc.
1457 4990 1491 5064 (1.
1517 4992 1564 5064 et.
1590 5013 1643 5084 gr.
1667 5013 1712 5061 66
1725 4989 1766 5063 F.
1782 4989 1855 5063 tab.
1872 4992 1905 5086 1,
1931 4988 2049 5065 (16666

489 5110 1195 5208 VffllehfflmNh
