4808 6390
1429 587 1450 657 8

602 697 635 757 11

707 798 832 897 templi
859 798 1051 873 Selinuntii
1077 799 1327 896 antiquissimi.
1354 799 1503 873 Illarum
1529 807 1616 897 arbe,
1643 823 1700 874 ars
1723 799 1830 873 huius
1847 799 2036 895 fragmenti
2051 800 2139 875 mihi
2157 802 2264 901 paulo

707 917 827 989 minus
852 916 1000 1013 antiqua
1023 916 1174 991 videtur.
1359 991 1360 994 ,

757 1033 853 1106 Actu
879 1057 951 1106 non
976 1034 1131 1108 alienum
1157 1059 1179 1108 a
1205 1036 1382 1132 superiore
1407 1035 1547 1108 uidetur

608 1149 661 1232 1⁸⁹
702 1151 903 1224 Monstrum
939 1152 1053 1250 eapite
1086 1151 1275 1249 Gorgonis,
1313 1154 1405 1226 rictu
1438 1154 1544 1250 mod,
1579 1152 1655 1225 VII
1691 1176 1786 1249 ang,
1825 1151 1891 1225 alis
1925 1153 2094 1251 recurvis,
2121 1178 2263 1253 corpore

700 1265 856 1340 humano
882 1274 917 1341 et
942 1268 1073 1364 equino
1099 1275 1140 1341 ut
1163 1270 1321 1342 centauri
1347 1268 1597 1366 antiquissimi,
1624 1269 1683 1343 sed
1709 1269 1806 1367 pedis
1831 1269 2018 1344 anterioris
2041 1270 2118 1346 loeo
2135 1273 2264 1369 ungui·

703 1384 770 1457 bus
795 1383 884 1481 avis,
910 1384 1000 1480 quod
1029 1385 1194 1458 manibus
1220 1385 1356 1459 leonem
1382 1409 1445 1483 per
1468 1387 1573 1484 pedes
1599 1387 1790 1460 anteriores
1817 1392 1922 1460 tenet.
2010 1398 2014 1403 ’

751 1500 798 1573 in
824 1501 990 1574 scarabeo
1016 1525 1036 1574 e
1061 1501 1175 1574 sarda.
1204 1489 1527 1576 Muller-Wieseler
1553 1505 1623 1576 tab.
1653 1506 1711 1576 43.
1740 1504 1824 1577 324.

749 1616 941 1689 Etruscum
967 1640 1105 1714 quoque
1131 1642 1218 1716 opus
1244 1618 1383 1691 videtur
1407 1642 1468 1716 pes
1494 1619 1612 1693 neseio
1638 1620 1739 1693 euius
1764 1620 1827 1715 rei,
1864 1618 1978 1693 forma
2003 1643 2076 1692 non
2101 1619 2256 1695 insolita.

602 1744 647 1812 lb
701 1732 834 1829 Figura
871 1732 1049 1830 superiore
1079 1741 1179 1831 parte
1204 1734 1391 1831 Gorgonis,
1418 1734 1504 1831 ling.
1531 1758 1604 1810 ers.
1630 1760 1770 1833 magna,
1796 1736 1888 1810 riebu
1913 1736 2005 1810 mod.
2031 1759 2154 1826 vacuo,
2180 1761 2256 1813 aur.

698 1872 829 1944 magn,
856 1848 992 1946 uiniae,
1018 1850 1186 1946 gradibus
1211 1851 1256 1924 ab
1270 1857 1418 1948 utraque
1431 1857 1530 1948 parte
1543 1853 1709 1950 expansis
1723 1852 1914 1926 seeundum
1927 1851 2071 1926 braohia
2087 1877 2255 1951 expansa,

633 2000 636 2005 ·
698 1963 864 2064 papillis;
890 1966 935 2039 ab
963 1966 1130 2039 inferiore
1153 1973 1253 2064 parte
1280 1968 1443 2041 desinens
1469 1967 1508 2039 in
1534 1969 1657 2066 pedem
1682 1969 1805 2042 leonis.
1836 1967 2064 2065 Exemplaria
2088 1968 2158 2043 duo
2183 1970 2257 2044 vidi

697 2082 735 2154 in
761 2082 855 2155 Mus.
881 2082 1078 2179 Luporensi
1103 2106 1193 2179 quae
1218 2082 1394 2179 delineare
1418 2107 1490 2156 non
1516 2085 1626 2182 potui,
1652 2090 1733 2158 utor
1757 2084 1867 2180 igitur
1891 2083 2015 2157 tabula
2039 2083 2134 2157 edita
2160 2085 2253 2183 apud

660 2234 666 2244 ·
696 2201 819 2274 Mieali
845 2201 956 2297 (Hist.
982 2201 1064 2274 dell'
1091 2203 1180 2277 nno.
1206 2210 1286 2301 pop.
1313 2203 1385 2276 tab.
1415 2205 1473 2275 50.
1501 2204 1549 2297 5).
2071 2271 2074 2277 .

742 2319 933 2392 Memoriae
946 2342 1062 2415 eausa,
1083 2319 1209 2394 ‘neseio
1223 2321 1321 2392 enim·
1332 2326 1465 2415 quanta
1478 2319 1563 2393 fides
1576 2318 1719 2392 tabulae
1730 2318 1844 2391 editae
1857 2318 2044 2391 tribuenda
2058 2318 2116 2415 sit,
2128 2318 2254 2392 addam

597 2447 637 2515 la
693 2434 779 2532 Cap.
806 2435 983 2530 Gorgonis
1009 2436 1097 2533 ling.
1120 2460 1194 2511 exs.
1221 2437 1314 2510 rictu
1339 2436 1442 2532 mod,
1469 2436 1565 2510 dent.
1592 2459 1703 2534 para,
1735 2459 1853 2531 magn.
1882 2435 1994 2530 bueo,
2022 2434 2113 2510 oeul.
2140 2459 2251 2535 paru,

694 2574 769 2624 aur.
795 2551 867 2624 alte
892 2575 979 2647 poa,
1004 2552 1104 2626 cirris
1130 2552 1190 2626 III
1217 2552 1411 2626 ordinibus.

743 2665 788 2738 In
813 2690 919 2739 curru
944 2690 1063 2740 aenea.
1089 2669 1184 2742 Mus.
1210 2668 1276 2741 Pio
1301 2667 1522 2742 Clementino
1548 2667 1584 2739 V
1610 2668 1682 2741 tab.
1710 2666 1753 2740 B.
1782 2668 1816 2739 7.

1309 2915 1433 2971 onnus
1459 2894 1532 2969 ΙΙΙ.

748 3123 896 3198 Generis
934 3124 953 3196 Ι
992 3132 1028 3198 et
1053 3124 1088 3196 11
1114 3148 1186 3197 non
1212 3124 1329 3198 minus
1355 3124 1502 3221 antiqua
1527 3130 1581 3197 est
1606 3122 1729 3220 figura,
1756 3145 1862 3219 quam
1888 3119 2034 3195 Parisiis
2060 3119 2099 3192 in
2124 3119 2247 3194 Museo

696 3240 894 3338 Luporensi
921 3239 1005 3337 vidi,
1033 3265 1207 3337 quamque
1232 3264 1316 3314 mox
1340 3241 1473 3314 editum
1500 3239 1545 3313 iri
1570 3239 1701 3338 aceepi.

596 3370 639 3437 la
689 3357 808 3453 Gorgo
833 3357 982 3453 genibus
1007 3358 1105 3453 nixa,
1131 3363 1228 3430 ueste
1253 3358 1428 3431 artissime
1452 3357 1673 3453 adhaerente,
1700 3354 1814 3455 eapite
1840 3354 1962 3428 infima
1986 3360 2086 3452 parte
2111 3352 2247 3449 latiore,

693 3481 779 3575 ling.
806 3480 890 3553 olirn
916 3481 955 3552 ni
980 3480 1198 3576 fallereris,
1224 3479 1316 3552 rictu
1340 3481 1424 3577 lato,
1457 3480 1552 3555 dent.
1578 3481 1680 3556 mult.
1714 3485 1870 3553 extremo
1896 3502 1955 3552 ore
1979 3501 2110 3572 magn,
2136 3474 2248 3549 oeulis

691 3596 776 3668 olim
801 3596 947 3691 gemmis
973 3596 1030 3668 vel
1055 3595 1169 3668 colore
1193 3596 1353 3695 expletis,
1380 3598 1495 3670 fronte
1520 3621 1658 3694 rugoso,
1701 3597 1831 3670 oinoin.
1859 3602 1894 3669 et
1918 3593 2086 3691 gradibus
2111 3592 2171 3689 qui
2198 3592 2243 3664 ab

635 3758 638 3764 ·
690 3718 837 3809 utraque
861 3718 960 3810 parte
985 3711 1164 3810 defluunt5
1191 3736 1355 3786 eoronam
1381 3721 1416 3787 et
1442 3713 1644 3812 impositum
1669 3712 1792 3811 podem
1817 3711 1929 3785 leonis
1955 3711 2034 3782 fert.

738 3828 787 3902 ΖΕ
812 3829 880 3902 Pes
906 3828 1052 3926 tripodis
1077 3830 1123 3925 (d)
1148 3836 1306 3927 repertus
1331 3831 1370 3903 in
1396 3830 1514 3903 insula
1539 3829 1646 3902 maris
1670 3829 1817 3924 Aegaei.

590 3961 634 4027 lb
690 3947 774 4043 Cap.
813 3948 862 4041 (et
895 3945 1040 4041 sollum)
1075 3945 1263 4042 Gorgonis,
1298 3947 1506 4044 lingens,
1543 3947 1635 4020 rictu
1669 3946 1755 4044 lato,
1789 3945 1891 4019 mult.
1931 3944 2027 4018 dent.
2063 3965 2165 4041 paru.
2204 3946 2239 4014 et

686 4062 823 4135 caninis
849 4062 1027 4159 maximis,
1054 4062 1224 4161 palpebr.‚
1252 4087 1400 4161 supera,
1427 4065 1515 4140 erin.
1542 4063 1668 4137 solutis
1694 4064 1739 4136 ab
1764 4071 1912 4160 utroque
1938 4067 2037 4159 parte
2051 4066 2086 4132 ab
2102 4083 2124 4131 a
2140 4065 2241 4153 tergo

632 4230 635 4235 -
685 4178 860 4275 defluens,
896 4178 976 4251 VI?
1016 4179 1193 4275 anguibus
1231 4181 1427 4254 maculosis·
1457 4181 1501 4254 ad
1540 4182 1665 4254 faeiem
1708 4180 1820 4277 ipsam
1862 4175 2159 4271 adhaerentibus5
2204 4173 2242 4245 in

684 4319 820 4370 summo
845 4294 959 4392 eapite
979 4287 1052 4368 vfert
1076 4295 1207 4368 collum
1233 4297 1340 4368 vasis.

733 4413 809 4485 Vas
834 4434 879 4484 ex
903 4411 1031 4506 argilla
1056 4420 1164 4496 ooeta,
1190 4411 1324 4509 pictum
1350 4412 1450 4507 nigro
1473 4413 1555 4485 albo
1579 4414 1735 4510 purpura
1759 4412 1798 4484 in
1825 4411 1927 4486 flavo.

730 4529 922 4626 Repertum
946 4551 1052 4625 prope
1079 4528 1351 4601 Halicarnasum
1377 4529 1489 4624 (Kilo)
1515 4552 1610 4603 nune
1623 4527 1663 4601 in
1675 4528 1768 4602 Mus.
1783 4529 1973 4603 Austriaeo
1987 4523 2231 4598 vindobonae.

731 4645 800 4718 His
824 4646 1023 4743 proximum
1048 4644 1174 4742 eapitis
1200 4643 1312 4717 forma
1338 4645 1477 4718 uidetur

581 4775 622 4843 lo
675 4762 793 4858 Gorgo
826 4762 859 4835 d.
894 4762 1068 4858 gradiens,
1102 4761 1169 4835 alis
1194 4761 1361 4858 recurvis,
1387 4769 1483 4835 veste
1509 4762 1605 4834 brevi
1630 4784 1696 4834 acu
1721 4760 1826 4858 pieta,
1851 4756 1975 4852 caligis
2000 4756 2117 4853 alatis,
2145 4757 2232 4852 ling.

679 4902 766 4975 ers,
808 4877 881 4951 labo
913 4879 1015 4973 rictu,
1042 4879 1145 4954 mult.
1171 4878 1279 4976 dent„
1306 4903 1392 4953 naso
1418 4879 1593 4978 bipertito,
1620 4879 1749 4951 einein.
1775 4877 1813 4949 in
1839 4898 1976 4950 summo
2000 4875 2115 4973 eapite
2140 4897 2238 4970 parv.

676 4996 721 5069 ab
753 5001 901 5092 utraque
935 5003 1033 5094 parte
1065 4995 1218 5090 singulis
1243 4996 1392 5092 magnis,
1418 4995 1474 5068 VI
1499 5018 1580 5089 ang.
1607 4999 1785 5067 coronata.
1835 4991 1881 5066 In
1906 4989 2031 5085 lebete,
2056 4988 2236 5062 disiuncto

674 5111 771 5211 pede,
810 5109 913 5207 flavoj
939 5110 1031 5207 nigr.
1059 5111 1130 5209 fig,
1157 5110 1261 5184 lineis
1284 5112 1442 5209 seriptis:
1469 5113 1505 5185 A
1530 5135 1639 5184 manu
1665 5110 1698 5186 d.
1714 5109 1759 5184 ad
1773 5134 1821 5183 s.:
1849 5108 1999 5183 Perseus
2021 5128 2102 5178 oum
2123 5104 2236 5201 oibisi‚
