4808 6390
1181 652 1229 737 43

372 769 422 830 111

524 867 659 941 Eodem
695 866 771 940 loco
805 866 898 940 alius
932 868 1141 940 scarabaeus
1175 865 1317 959 Sardus,
1344 889 1389 938 ex
1414 865 1548 964 iaspide
1573 865 1691 962 viridi,
1719 891 1791 940 non
1817 867 1935 942 miuus
1960 891 2039 941 me-

472 984 665 1080 morabilis,
694 984 810 1058 editur
835 983 907 1057 tab.
935 984 977 1058 F.
1005 986 1065 1057 27.

524 1101 610 1199 Gap.
647 1101 824 1196 Gorgonis
850 1100 971 1173 eadem
995 1100 1067 1173 fere
1091 1098 1205 1195 ligura
1229 1107 1265 1173 et
1289 1099 1435 1174 auribus
1460 1101 1584 1175 iisdem
1611 1108 1651 1175 ut
1676 1106 1735 1198 8r',
1762 1102 1967 1178 Phocaeae?
1993 1108 2027 1200 6,

472 1218 608 1314 tritum,
635 1216 691 1292 VI
717 1241 802 1314 ang.
830 1218 868 1291 iu
894 1241 1031 1291 summo
1054 1218 1176 1316 capito.
1217 1217 1318 1291 Infra
1343 1219 1548 1314 crocodilus,
1579 1219 1713 1293 circum
1738 1219 1880 1295 monile.

519 1335 600 1408 Etsi
631 1335 691 1409 hie
728 1360 811 1409 vero
838 1336 981 1409 nomine
1011 1335 1216 1432 crocodilus,
1250 1358 1323 1407 non
1363 1335 1495 1409 lacerta
1520 1343 1708 1434 spectatur,
1735 1363 1806 1412 non
1832 1346 1951 1415 tamen
1975 1348 2029 1415 est

472 1475 535 1525 cnr
566 1451 663 1526 hunc
696 1453 922 1525 scarabaeum
962 1477 1008 1526 ex
1044 1453 1209 1551 Aegypto
1243 1452 1431 1525 oriundum
1465 1476 1541 1527 esse
1574 1454 1767 1531 credamus.
1818 1456 1912 1531 Satis
1935 1458 2030 1533 enim

472 1574 617 1665 apparet
642 1568 777 1641 incolas
803 1567 985 1642 Sardiniae
1010 1568 1106 1666 typis
1130 1568 1319 1666 Aegyptiis
1346 1592 1427 1642 usos
1452 1593 1538 1643 esse.

522 1685 612 1759 Cum
639 1685 695 1759 80
717 1685 844 1759 melius
870 1710 977 1782 qnam
1001 1711 1082 1760 eum
1106 1686 1231 1759 ceteris
1257 1693 1479 1784 comparatur

370 1800 438 1875 80
475 1802 561 1900 Gap.
600 1801 776 1898 Gorgonis
815 1802 902 1898 ling.
941 1828 1028 1899 exs,
1068 1803 1161 1877 rictu
1196 1803 1302 1891 mod,
1342 1803 1439 1878 dent.
1474 1804 1712 1903 superioribus
1749 1811 1890 1879 tanturn
1915 1829 2027 1902 parv,

472 1919 562 1993 ocul.
589 1918 745 2016 oblong.,
771 1945 847 1994 aur.
875 1920 978 2007 null,
1003 1921 1091 1994 crin.
1120 1921 1216 1994 brev.
1243 1929 1386 2019 compt..

520 2036 677 2109 Marmor
701 2060 773 2135 rep.
800 2039 934 2111 Romae
959 2038 1004 2110 ad
1030 2062 1171 2111 murum
1198 2037 1421 2113 Servianum.
1447 2041 1550 2114 Ann.
1576 2039 1658 2113 dell'
1678 2039 1768 2114 Inst.
1787 2041 1882 2112 1855
1895 2063 1952 2136 pg.
1968 2042 2027 2114 92.

519 2153 653 2248 Braun,
680 2154 742 2250 qui
767 2154 857 2227 illud
883 2156 1002 2251 edidit,
1029 2157 1215 2230 verebatur
1240 2180 1284 2230 ne
1310 2157 1491 2254 antiquius
1517 2165 1609 2232 esset
1634 2182 1742 2254 quarn
1766 2164 1807 2230 ut
1827 2159 1919 2230 muri
1932 2157 2029 2232 illius

471 2295 552 2369 pars
576 2271 712 2367 luisset,
738 2272 827 2345 mihi
853 2296 925 2346 non
951 2275 1037 2347 satis
1062 2274 1251 2369 antiquum
1277 2275 1430 2349 uidetur.

516 2389 688 2462 Nummos
728 2414 815 2486 quos
853 2391 999 2465 Pariani
1033 2392 1196 2465 auderint
1226 2416 1306 2465 cum
1342 2392 1447 2465 multi
1472 2393 1555 2488 sint,
1584 2393 1646 2464 vix
1671 2390 1813 2488 diversi,
1841 2393 1911 2467 nisi
1936 2394 2028 2491 quod

334 2560 335 2563 ,
468 2503 560 2576 alius
585 2504 695 2578 aliurn
721 2506 828 2579 habet
853 2507 1064 2603 symbolum,
1091 2524 1116 2576 o
1142 2506 1281 2581 stellam
1306 2532 1443 2582 ramum
1470 2507 1595 2582 lolium
1621 2506 1704 2604 alia,
1743 2533 1815 2581 non
1841 2509 2029 2606 diligenter

471 2620 688 2715 quaerendos
727 2645 801 2694 esse
827 2623 1032 2718 sentiebam,
1059 2624 1121 2720 qui
1147 2631 1266 2697 tamen
1292 2623 1391 2719 digni
1417 2625 1585 2697 videntur
1609 2623 1672 2720 qui
1698 2631 1935 2698 memorentur
1959 2632 2026 2699 ant

468 2736 628 2832 edantur,
652 2738 842 2813 dabuntur.

472 2858 490 2927 1
518 2854 658 2929 Taurus
684 2880 712 2928 s.
742 2864 851 2952 stans,
880 2857 1083 2955 respiciens,
1110 2859 1204 2931 inter
1229 2859 1334 2956 pedes
1360 2858 1475 2953 stella,
1504 2873 1705 2931 rra-ersom.

368 2968 429 3047 81)
465 2971 604 3068 )(Cap.
632 2972 808 3068 Gorgonis
833 2973 985 3046 medium
1010 2973 1083 3047 lere
1108 2980 1231 3048 tenens
1257 2977 1350 3048 inter
1374 2974 1409 3048 B
1435 2983 1470 3047 et
1497 2973 1536 3070 0,
1562 2975 1649 3071 ling.
1677 2999 1766 3069 exs,
1793 2975 1884 3048 rictu
1906 3000 2025 3074 parvo,

468 3090 562 3163 deut.
601 3115 717 3188 parv„
762 3098 881 3164 mento
919 3115 991 3164 non
1017 3091 1102 3177 div„
1129 3116 1205 3168 aur.
1232 3092 1336 3188 null,
1363 3093 1451 3166 oriu.
1478 3092 1610 3165 circum
1635 3093 1806 3190 diadema,
1833 3095 2026 3169 unionibus

467 3207 525 3280 vel
549 3208 697 3302 gemmis
724 3215 900 3303 ornatum,
927 3207 1108 3306 revolutis,
1134 3209 1192 3282 VI
1216 3234 1312 3305 ang,
1339 3210 1379 3282 iu
1403 3234 1456 3284 ar.
1485 3234 1561 3282 car.

462 3327 502 3395 n
530 3324 628 3414 15s4.
656 3325 742 3396 298
770 3324 864 3398 Bibl.
892 3324 1020 3399 Fr.·G.
1048 3326 1096 3399 N.
1127 3328 1210 3400 659.

516 3440 592 3513 Atii
632 3440 722 3514 tales
756 3449 842 3514 suut
875 3441 991 3537 multi,
1031 3442 1087 3515 vel
1114 3443 1190 3516 siue
1225 3442 1422 3515 diademate
1447 3444 1490 3538 (e.
1517 3468 1552 3538 g.
1579 3443 1723 3540 Luynes
1749 3444 1864 3518 Ghoix
1888 3445 1961 3519 tab.
1985 3444 2025 3518 X

464 3557 537 3652 19),
573 3556 631 3629 vel
670 3557 741 3630 alio
780 3558 952 3655 symbolo,
991 3558 1049 3630 vel
1075 3559 1186 3656 nullo,
1214 3559 1362 3632 leviores
1386 3559 1457 3632 fere
1482 3583 1618 3657 semper
1644 3561 1847 3650 (2.47-12
1873 3561 2024 3635 Braudis

462 3698 520 3771 pg.
547 3676 651 3770 442).

468 3792 490 3862 2
517 3789 603 3888 Gap.
632 3791 808 3886 Gorgonis
835 3792 908 3865 fere
933 3791 1058 3887 simile,
1084 3817 1167 3888 ang.
1195 3792 1302 3867 null..
1329 3794 1358 3887 l(
1384 3792 1522 3866 Taurus
1549 3817 1578 3866 s.
1604 3795 1779 3891 gradiens,
1809 3810 1984 3869 naereses.

466 3905 515 3980 AE
541 3909 643 3982 2412.
671 3910 757 3981 tat
786 3910 953 4003 aerugine
979 3932 1120 3982 carosus
1145 3908 1239 3983 Bibl.
1267 3908 1389 3983 Fr.·G.
1415 3909 1463 3983 N.
1492 3913 1575 3983 665.

468 4026 489 4095 3
517 4024 603 4121 Gap.
630 4025 808 4120 Gorgonis
834 4026 931 4098 deut.
959 4025 1061 4120 null,
1097 4033 1216 4098 mento
1241 4024 1425 4123 paululum
1449 4025 1535 4111 div„
1562 4049 1696 4123 supero.
1724 4034 1905 4121 contract,
1932 4025 2019 4100 VI?

466 4165 547 4236 ang.
576 4142 713 4214 curiose
738 4142 930 4238 dispositis.
957 4142 1089 4215 circum
1115 4142 1260 4215 monile.

467 4261 496 4347 )(
521 4256 683 4330 Victoria
709 4281 737 4332 s.
764 4258 831 4331 alis
850 4258 1028 4355 expansis,
1052 4258 1099 4354 d.,
1126 4281 1302 4354 coronam,
1328 4282 1355 4331 s.
1383 4257 1537 4355 palmam
1563 4265 1697 4353 tenens,
1725 4260 1763 4332 in
1789 4281 2020 4332 1100100111-

465 4375 596 4472 copiae,
624 4375 731 4472 spica,
759 4399 1022 4472 monogramma
1047 4382 1083 4449 et
1108 4393 1306 4451 ΠΑΡΙΑΝΩΝ.

466 4496 506 4565 111
534 4492 658 4578 30125.
691 4495 801 4565 lats
831 4492 922 4567 Mus.
949 4493 1103 4566 Hunter.
1131 4492 1202 4565 tab.
1230 4495 1352 4565 41.1t.

514 4608 683 4682 Maiorem
714 4609 984 4683 similitudinem
1021 4633 1102 4682 cum
1142 4607 1207 4703 80,
1251 4631 1340 4703 quae
1379 4608 1533 4682 maxime
1570 4631 1626 4680 me
1651 4607 1761 4680 movit
1786 4616 1827 4681 ut
1851 4609 1937 4683 haec
1961 4609 2020 4683 hic

464 4749 688 4819 recenserem,
715 4726 878 4823 praebet:

466 4842 703 4916 41111111.
731 4843 933 4940 respiciens,
960 4843 1052 4915 inter
1077 4841 1181 4939 pedes
1207 4839 1321 4935 stella,
1361 4838 1595 4914 ΡΑ-Ριάνων.

367 4958 430 5033 811
462 4963 491 5050 )(
516 4958 603 5056 Gap.
629 4958 817 5056 Gorgonis,
843 4957 931 5054 ling.
957 4981 1031 5031 exs.
1057 4980 1179 5055 parva,
1206 4956 1313 5042 dent,
1340 4971 1459 5029 mento
1485 4979 1627 5054 prorsus
1639 4955 1724 5052 dir„
1737 4980 1872 5055 supero.
1895 4963 2020 5054 contr,

463 5079 548 5152 crin.
577 5083 618 5150 ut
633 5077 671 5152 D
696 5077 756 5151 sed
781 5077 858 5151 siue
883 5077 1078 5149 diademato
1102 5081 1143 5148 ut
1167 5074 1316 5170 ridetur,
1342 5074 1399 5146 VI
1423 5098 1518 5169 aug,
1544 5074 1583 5147 in
1608 5098 1657 5147 ar.
1684 5096 1761 5149 car.

465 5201 506 5270 dl
536 5197 593 5269 13.
622 5193 926 5269 2290011811.
1778 5309 1820 5381 6*
