<?xml version="1.0" encoding="UTF-8"?>
<!DOCTYPE html PUBLIC "-//W3C//DTD XHTML 1.0 Transitional//EN"
    "http://www.w3.org/TR/xhtml1/DTD/xhtml1-transitional.dtd">
<html xmlns="http://www.w3.org/1999/xhtml" xml:lang="en" lang="en">
 <head>
  <title>
</title>
<meta http-equiv="Content-Type" content="text/html;charset=utf-8" />
  <meta name='ocr-system' content='tesseract 3.04.00' />
  <meta name='ocr-capabilities' content='ocr_page ocr_carea ocr_par ocr_line ocrx_word'/>
</head>
<body>
  <div class='ocr_page' id='page_1' title='image "./degorgone00sixgoog_0072.png"; bbox 0 0 4808 6390; ppageno 0'>
   <div class='ocr_carea' id='block_1_1' title="bbox 1030 623 1073 697">
    <p class='ocr_par' dir='ltr' id='par_1_1' title="bbox 1030 623 1073 697">
     <span class='ocr_line' id='line_1_1' title="bbox 1030 623 1073 697; baseline -0.047 0"><span class='ocrx_word' id='word_1_1' title='bbox 1030 623 1073 697; x_wconf 89' lang='lat'>61</span> 
     </span>
    </p>
   </div>
   <div class='ocr_carea' id='block_1_2' title="bbox 221 833 1884 5260">
    <p class='ocr_par' dir='ltr' id='par_1_2' title="bbox 322 833 1884 1054">
     <span class='ocr_line' id='line_1_2' title="bbox 322 833 1884 934; baseline 0.002 -26"><span class='ocrx_word' id='word_1_2' title='bbox 322 835 385 908; x_wconf 81' lang='grc' dir='ltr'>ΕΙ</span> <span class='ocrx_word' id='word_1_3' title='bbox 414 833 622 910; x_wconf 78' lang='lat' dir='ltr'>18l4.8.03</span> <span class='ocrx_word' id='word_1_4' title='bbox 650 836 751 923; x_wconf 86' lang='grc'>(820</span> <span class='ocrx_word' id='word_1_5' title='bbox 776 839 938 933; x_wconf 79' lang='lat' dir='ltr'>ectypus)</span> <span class='ocrx_word' id='word_1_6' title='bbox 963 836 1057 910; x_wconf 89' lang='lat' dir='ltr'>Mus.</span> <span class='ocrx_word' id='word_1_7' title='bbox 1085 837 1176 911; x_wconf 86' lang='lat' dir='ltr'>Brit.</span> <span class='ocrx_word' id='word_1_8' title='bbox 1203 836 1304 910; x_wconf 87' lang='lat' dir='ltr'>Head</span> <span class='ocrx_word' id='word_1_9' title='bbox 1331 836 1448 910; x_wconf 90' lang='lat' dir='ltr'>Guide</span> <span class='ocrx_word' id='word_1_10' title='bbox 1472 838 1544 910; x_wconf 87' lang='lat' dir='ltr'>tab.</span> <span class='ocrx_word' id='word_1_11' title='bbox 1573 837 1603 909; x_wconf 89' lang='lat'>1.</span> <span class='ocrx_word' id='word_1_12' title='bbox 1633 839 1676 934; x_wconf 77' lang='lat'>43</span> <span class='ocrx_word' id='word_1_13' title='bbox 1720 835 1884 911; x_wconf 82' lang='lat' dir='ltr'>Gardner</span> 
     </span>
     <span class='ocr_line' id='line_1_3' title="bbox 322 953 1883 1054; baseline 0.003 -27"><span class='ocrx_word' id='word_1_14' title='bbox 322 959 424 1052; x_wconf 80' lang='lat' dir='ltr'>types</span> <span class='ocrx_word' id='word_1_15' title='bbox 438 955 510 1027; x_wconf 90' lang='lat' dir='ltr'>tab.</span> <span class='ocrx_word' id='word_1_16' title='bbox 526 955 559 1027; x_wconf 80' lang='lat'>4.</span> <span class='ocrx_word' id='word_1_17' title='bbox 576 957 611 1049; x_wconf 77' lang='lat'>53</span> <span class='ocrx_word' id='word_1_18' title='bbox 621 953 716 1028; x_wconf 90' lang='lat' dir='ltr'>Mus.</span> <span class='ocrx_word' id='word_1_19' title='bbox 733 955 849 1050; x_wconf 87' lang='lat' dir='ltr'>Berol,</span> <span class='ocrx_word' id='word_1_20' title='bbox 864 955 1068 1052; x_wconf 89' lang='lat' dir='ltr'>Helbigdas</span> <span class='ocrx_word' id='word_1_21' title='bbox 1081 956 1313 1031; x_wconf 90' lang='lat' dir='ltr'>Homerisohe</span> <span class='ocrx_word' id='word_1_22' title='bbox 1324 957 1419 1054; x_wconf 88' lang='lat' dir='ltr'>Epos</span> <span class='ocrx_word' id='word_1_23' title='bbox 1432 980 1489 1054; x_wconf 89' lang='lat' dir='ltr'>pg.</span> <span class='ocrx_word' id='word_1_24' title='bbox 1505 957 1576 1029; x_wconf 80' lang='grc'>287</span> <span class='ocrx_word' id='word_1_25' title='bbox 1591 957 1648 1051; x_wconf 84' lang='lat' dir='ltr'>fig.</span> <span class='ocrx_word' id='word_1_26' title='bbox 1667 959 1737 1030; x_wconf 84' lang='lat'>120</span> <span class='ocrx_word' id='word_1_27' title='bbox 1751 958 1883 1052; x_wconf 87' lang='lat' dir='ltr'>(male).</span> 
     </span>
    </p>

    <p class='ocr_par' dir='ltr' id='par_1_3' title="bbox 321 1070 1882 1402">
     <span class='ocr_line' id='line_1_4' title="bbox 372 1070 1878 1173; baseline 0.003 -29"><span class='ocrx_word' id='word_1_28' title='bbox 372 1071 492 1144; x_wconf 91' lang='lat' dir='ltr'>Huius</span> <span class='ocrx_word' id='word_1_29' title='bbox 526 1070 652 1168; x_wconf 88' lang='lat' dir='ltr'>capitis</span> <span class='ocrx_word' id='word_1_30' title='bbox 687 1072 900 1170; x_wconf 89' lang='lat' dir='ltr'>progeniem,</span> <span class='ocrx_word' id='word_1_31' title='bbox 941 1074 988 1146; x_wconf 89' lang='lat' dir='ltr'>sit</span> <span class='ocrx_word' id='word_1_32' title='bbox 1013 1074 1117 1147; x_wconf 88' lang='lat' dir='ltr'>venia</span> <span class='ocrx_word' id='word_1_33' title='bbox 1143 1074 1260 1169; x_wconf 88' lang='lat' dir='ltr'>verbo,</span> <span class='ocrx_word' id='word_1_34' title='bbox 1287 1073 1523 1170; x_wconf 81' lang='lat' dir='ltr'>antiquiorem</span> <span class='ocrx_word' id='word_1_35' title='bbox 1549 1075 1706 1148; x_wconf 85' lang='lat' dir='ltr'>nondum</span> <span class='ocrx_word' id='word_1_36' title='bbox 1729 1073 1878 1173; x_wconf 85' lang='lat' dir='ltr'>repperi.</span> 
     </span>
     <span class='ocr_line' id='line_1_5' title="bbox 321 1186 1882 1289; baseline 0.001 -29"><span class='ocrx_word' id='word_1_37' title='bbox 321 1186 481 1285; x_wconf 87' lang='lat' dir='ltr'>proxime</span> <span class='ocrx_word' id='word_1_38' title='bbox 518 1186 652 1260; x_wconf 85' lang='lat' dir='ltr'>accedit</span> <span class='ocrx_word' id='word_1_39' title='bbox 686 1187 747 1260; x_wconf 93' lang='grc' dir='ltr'>ΠΙ</span> <span class='ocrx_word' id='word_1_40' title='bbox 772 1198 817 1264; x_wconf 77' lang='lat' dir='ltr'>lla</span> <span class='ocrx_word' id='word_1_41' title='bbox 850 1188 903 1282; x_wconf 87' lang='lat' dir='ltr'>(in</span> <span class='ocrx_word' id='word_1_42' title='bbox 939 1195 1056 1263; x_wconf 90' lang='lat' dir='ltr'>statua</span> <span class='ocrx_word' id='word_1_43' title='bbox 1095 1190 1241 1289; x_wconf 81' lang='lat' dir='ltr'>Cypria)</span> <span class='ocrx_word' id='word_1_44' title='bbox 1267 1189 1424 1287; x_wconf 87' lang='lat' dir='ltr'>aequalis</span> <span class='ocrx_word' id='word_1_45' title='bbox 1451 1190 1532 1265; x_wconf 81' lang='lat' dir='ltr'>lere.</span> <span class='ocrx_word' id='word_1_46' title='bbox 1571 1191 1760 1263; x_wconf 87' lang='lat' dir='ltr'>Recentior</span> <span class='ocrx_word' id='word_1_47' title='bbox 1785 1196 1882 1263; x_wconf 85' lang='lat' dir='ltr'>aetas</span> 
     </span>
     <span class='ocr_line' id='line_1_6' title="bbox 321 1302 1217 1402; baseline 0.003 -24"><span class='ocrx_word' id='word_1_48' title='bbox 321 1311 441 1378; x_wconf 86' lang='lat' dir='ltr'>tamen</span> <span class='ocrx_word' id='word_1_49' title='bbox 467 1302 617 1376; x_wconf 90' lang='lat' dir='ltr'>multam</span> <span class='ocrx_word' id='word_1_50' title='bbox 642 1303 776 1402; x_wconf 90' lang='lat' dir='ltr'>prolem</span> <span class='ocrx_word' id='word_1_51' title='bbox 801 1305 903 1380; x_wconf 86' lang='lat' dir='ltr'>vidit.</span> <span class='ocrx_word' id='word_1_52' title='bbox 954 1306 1103 1380; x_wconf 77' lang='lat' dir='ltr'>Initium</span> <span class='ocrx_word' id='word_1_53' title='bbox 1130 1308 1171 1381; x_wconf 86' lang='lat' dir='ltr'>fit</span> <span class='ocrx_word' id='word_1_54' title='bbox 1196 1333 1217 1380; x_wconf 89' lang='lat' dir='ltr'>a</span> 
     </span>
    </p>

    <p class='ocr_par' dir='ltr' id='par_1_4' title="bbox 224 1421 1878 1635">
     <span class='ocr_line' id='line_1_7' title="bbox 224 1421 1878 1524; baseline 0.003 -31"><span class='ocrx_word' id='word_1_55' title='bbox 224 1425 269 1495; x_wconf 90' lang='lat' dir='ltr'>lb</span> <span class='ocrx_word' id='word_1_56' title='bbox 322 1423 501 1498; x_wconf 80' lang='lat' dir='ltr'>Coroneae</span> <span class='ocrx_word' id='word_1_57' title='bbox 531 1424 564 1519; x_wconf 88' lang='lat'>3,</span> <span class='ocrx_word' id='word_1_58' title='bbox 599 1421 712 1496; x_wconf 89' lang='lat' dir='ltr'>forma</span> <span class='ocrx_word' id='word_1_59' title='bbox 744 1424 876 1520; x_wconf 86' lang='lat' dir='ltr'>eadem,</span> <span class='ocrx_word' id='word_1_60' title='bbox 904 1424 991 1521; x_wconf 90' lang='lat' dir='ltr'>ling.</span> <span class='ocrx_word' id='word_1_61' title='bbox 1023 1450 1109 1524; x_wconf 82' lang='lat' dir='ltr'>exa,</span> <span class='ocrx_word' id='word_1_62' title='bbox 1135 1427 1254 1500; x_wconf 89' lang='lat' dir='ltr'>buccis</span> <span class='ocrx_word' id='word_1_63' title='bbox 1279 1432 1314 1499; x_wconf 90' lang='lat' dir='ltr'>et</span> <span class='ocrx_word' id='word_1_64' title='bbox 1339 1426 1440 1499; x_wconf 91' lang='lat' dir='ltr'>cirris</span> <span class='ocrx_word' id='word_1_65' title='bbox 1466 1425 1601 1522; x_wconf 84' lang='lat' dir='ltr'>iisdem,</span> <span class='ocrx_word' id='word_1_66' title='bbox 1627 1427 1731 1499; x_wconf 88' lang='lat' dir='ltr'>annis</span> <span class='ocrx_word' id='word_1_67' title='bbox 1759 1426 1878 1499; x_wconf 80' lang='lat'>387-</span> 
     </span>
     <span class='ocr_line' id='line_1_8' title="bbox 323 1539 623 1635; baseline -0.003 -20"><span class='ocrx_word' id='word_1_68' title='bbox 323 1542 396 1615; x_wconf 80' lang='lat'>374</span> <span class='ocrx_word' id='word_1_69' title='bbox 425 1539 623 1635; x_wconf 88' lang='lat' dir='ltr'>adsignata.</span> 
     </span>
    </p>

    <p class='ocr_par' dir='ltr' id='par_1_5' title="bbox 221 1656 1884 2808">
     <span class='ocr_line' id='line_1_9' title="bbox 371 1656 693 1752; baseline 0.009 -25"><span class='ocrx_word' id='word_1_70' title='bbox 371 1656 576 1752; x_wconf 81' lang='lat' dir='ltr'>Sequuntur</span> <span class='ocrx_word' id='word_1_71' title='bbox 601 1656 693 1730; x_wconf 89' lang='lat' dir='ltr'>alia:</span> 
     </span>
     <span class='ocr_line' id='line_1_10' title="bbox 222 1773 1883 1873; baseline 0.001 -25"><span class='ocrx_word' id='word_1_72' title='bbox 222 1773 267 1840; x_wconf 73' lang='lat'>2⁸</span> <span class='ocrx_word' id='word_1_73' title='bbox 321 1773 447 1848; x_wconf 86' lang='lat' dir='ltr'>Olbiae</span> <span class='ocrx_word' id='word_1_74' title='bbox 487 1776 521 1870; x_wconf 79' lang='lat'>7,</span> <span class='ocrx_word' id='word_1_75' title='bbox 561 1775 697 1868; x_wconf 85' lang='lat' dir='ltr'>Tegeae</span> <span class='ocrx_word' id='word_1_76' title='bbox 737 1780 771 1871; x_wconf 85' lang='lat'>5,</span> <span class='ocrx_word' id='word_1_77' title='bbox 810 1800 869 1849; x_wconf 89' lang='lat' dir='ltr'>ore</span> <span class='ocrx_word' id='word_1_78' title='bbox 906 1774 1036 1870; x_wconf 84' lang='lat' dir='ltr'>clauso,</span> <span class='ocrx_word' id='word_1_79' title='bbox 1076 1785 1193 1850; x_wconf 90' lang='lat' dir='ltr'>mento</span> <span class='ocrx_word' id='word_1_80' title='bbox 1230 1777 1315 1871; x_wconf 74' lang='lat' dir='ltr'>diu,</span> <span class='ocrx_word' id='word_1_81' title='bbox 1356 1776 1455 1850; x_wconf 85' lang='lat' dir='ltr'>buce.</span> <span class='ocrx_word' id='word_1_82' title='bbox 1481 1776 1569 1873; x_wconf 90' lang='lat' dir='ltr'>infl.‚</span> <span class='ocrx_word' id='word_1_83' title='bbox 1596 1778 1682 1850; x_wconf 86' lang='lat' dir='ltr'>crin.</span> <span class='ocrx_word' id='word_1_84' title='bbox 1710 1779 1805 1852; x_wconf 86' lang='lat' dir='ltr'>brev.</span> <span class='ocrx_word' id='word_1_85' title='bbox 1834 1783 1883 1866; x_wconf 91' lang='lat' dir='ltr'>(et</span> 
     </span>
     <span class='ocr_line' id='line_1_11' title="bbox 321 1888 1436 1986; baseline 0 -22"><span class='ocrx_word' id='word_1_86' title='bbox 321 1888 484 1964; x_wconf 78' lang='lat' dir='ltr'>Corinthi</span> <span class='ocrx_word' id='word_1_87' title='bbox 524 1891 546 1960; x_wconf 88' lang='lat'><em>8</em></span> <span class='ocrx_word' id='word_1_88' title='bbox 586 1889 660 1979; x_wconf 91' lang='lat' dir='ltr'><strong>(III</strong></span> <span class='ocrx_word' id='word_1_89' title='bbox 689 1889 768 1986; x_wconf 74' lang='grc'><strong>131)</strong></span> <span class='ocrx_word' id='word_1_90' title='bbox 806 1893 893 1966; x_wconf 89' lang='lat' dir='ltr'>crin.</span> <span class='ocrx_word' id='word_1_91' title='bbox 920 1892 1141 1966; x_wconf 87' lang='lat' dir='ltr'>flammarum</span> <span class='ocrx_word' id='word_1_92' title='bbox 1174 1893 1288 1965; x_wconf 89' lang='lat' dir='ltr'>instar</span> <span class='ocrx_word' id='word_1_93' title='bbox 1312 1892 1436 1982; x_wconf 93' lang='lat' dir='ltr'>horr..)</span> 
     </span>
     <span class='ocr_line' id='line_1_12' title="bbox 371 2006 1298 2104; baseline 0.003 -25"><span class='ocrx_word' id='word_1_94' title='bbox 371 2006 471 2080; x_wconf 91' lang='lat' dir='ltr'>Haec</span> <span class='ocrx_word' id='word_1_95' title='bbox 496 2030 634 2103; x_wconf 93' lang='lat' dir='ltr'>quoque</span> <span class='ocrx_word' id='word_1_96' title='bbox 659 2006 796 2083; x_wconf 87' lang='lat' dir='ltr'>familia</span> <span class='ocrx_word' id='word_1_97' title='bbox 822 2009 860 2082; x_wconf 89' lang='lat' dir='ltr'>in</span> <span class='ocrx_word' id='word_1_98' title='bbox 885 2016 989 2104; x_wconf 87' lang='lat' dir='ltr'>gente</span> <span class='ocrx_word' id='word_1_99' title='bbox 1017 2009 1112 2082; x_wconf 88' lang='lat' dir='ltr'>alata</span> <span class='ocrx_word' id='word_1_100' title='bbox 1137 2009 1298 2082; x_wconf 81' lang='lat' dir='ltr'>recurrit.</span> 
     </span>
     <span class='ocr_line' id='line_1_13' title="bbox 370 2123 1884 2221; baseline -0.001 -25"><span class='ocrx_word' id='word_1_101' title='bbox 370 2125 422 2197; x_wconf 88' lang='lat' dir='ltr'>Iis</span> <span class='ocrx_word' id='word_1_102' title='bbox 462 2124 522 2197; x_wconf 91' lang='lat' dir='ltr'>hic</span> <span class='ocrx_word' id='word_1_103' title='bbox 557 2149 670 2221; x_wconf 88' lang='lat' dir='ltr'>pauca</span> <span class='ocrx_word' id='word_1_104' title='bbox 706 2127 844 2200; x_wconf 89' lang='lat' dir='ltr'>addam.</span> <span class='ocrx_word' id='word_1_105' title='bbox 889 2128 941 2201; x_wconf 91' lang='lat' dir='ltr'>Ut</span> <span class='ocrx_word' id='word_1_106' title='bbox 978 2151 1075 2200; x_wconf 88' lang='lat' dir='ltr'>meus</span> <span class='ocrx_word' id='word_1_107' title='bbox 1110 2133 1262 2199; x_wconf 83' lang='lat' dir='ltr'>estmoe</span> <span class='ocrx_word' id='word_1_108' title='bbox 1288 2128 1325 2198; x_wconf 93' lang='lat' dir='ltr'>in</span> <span class='ocrx_word' id='word_1_109' title='bbox 1352 2124 1618 2221; x_wconf 87' lang='lat' dir='ltr'>recentioribus,</span> <span class='ocrx_word' id='word_1_110' title='bbox 1647 2148 1718 2197; x_wconf 91' lang='lat' dir='ltr'>non</span> <span class='ocrx_word' id='word_1_111' title='bbox 1745 2123 1815 2196; x_wconf 91' lang='lat' dir='ltr'>nisi</span> <span class='ocrx_word' id='word_1_112' title='bbox 1840 2123 1884 2196; x_wconf 91' lang='lat' dir='ltr'>de</span> 
     </span>
     <span class='ocr_line' id='line_1_14' title="bbox 321 2241 907 2339; baseline 0.005 -26"><span class='ocrx_word' id='word_1_113' title='bbox 321 2241 476 2313; x_wconf 89' lang='lat' dir='ltr'>nummis</span> <span class='ocrx_word' id='word_1_114' title='bbox 502 2242 710 2336; x_wconf 88' lang='lat' dir='ltr'>diligentius</span> <span class='ocrx_word' id='word_1_115' title='bbox 735 2243 907 2339; x_wconf 88' lang='lat' dir='ltr'>quaesivi.</span> 
     </span>
     <span class='ocr_line' id='line_1_15' title="bbox 371 2356 1881 2453; baseline 0.001 -22"><span class='ocrx_word' id='word_1_116' title='bbox 371 2358 491 2431; x_wconf 91' lang='lat' dir='ltr'>Primo</span> <span class='ocrx_word' id='word_1_117' title='bbox 517 2356 593 2430; x_wconf 88' lang='lat' dir='ltr'>loco</span> <span class='ocrx_word' id='word_1_118' title='bbox 620 2359 692 2430; x_wconf 92' lang='lat' dir='ltr'>sint</span> <span class='ocrx_word' id='word_1_119' title='bbox 716 2359 821 2433; x_wconf 90' lang='lat' dir='ltr'>semis</span> <span class='ocrx_word' id='word_1_120' title='bbox 846 2367 882 2432; x_wconf 93' lang='lat' dir='ltr'>et</span> <span class='ocrx_word' id='word_1_121' title='bbox 907 2366 1052 2433; x_wconf 88' lang='lat' dir='ltr'>sextans</span> <span class='ocrx_word' id='word_1_122' title='bbox 1077 2358 1208 2453; x_wconf 89' lang='lat' dir='ltr'>Italici,</span> <span class='ocrx_word' id='word_1_123' title='bbox 1236 2359 1352 2432; x_wconf 91' lang='lat' dir='ltr'>nescio</span> <span class='ocrx_word' id='word_1_124' title='bbox 1378 2359 1479 2431; x_wconf 90' lang='lat' dir='ltr'>cuius</span> <span class='ocrx_word' id='word_1_125' title='bbox 1505 2359 1603 2431; x_wconf 91' lang='lat' dir='ltr'>urbis</span> <span class='ocrx_word' id='word_1_126' title='bbox 1628 2364 1691 2431; x_wconf 91' lang='lat' dir='ltr'>aut</span> <span class='ocrx_word' id='word_1_127' title='bbox 1708 2357 1881 2452; x_wconf 88' lang='lat' dir='ltr'>regionis:</span> 
     </span>
     <span class='ocr_line' id='line_1_16' title="bbox 221 2474 1673 2572; baseline 0.004 -30"><span class='ocrx_word' id='word_1_128' title='bbox 221 2475 266 2543; x_wconf 68' lang='lat' dir='ltr'>ta</span> <span class='ocrx_word' id='word_1_129' title='bbox 324 2478 341 2549; x_wconf 95' lang='grc'>1</span> <span class='ocrx_word' id='word_1_130' title='bbox 371 2475 458 2572; x_wconf 85' lang='lat' dir='ltr'>Gap.</span> <span class='ocrx_word' id='word_1_131' title='bbox 486 2474 664 2570; x_wconf 81' lang='lat' dir='ltr'>Gorgonis</span> <span class='ocrx_word' id='word_1_132' title='bbox 691 2477 865 2549; x_wconf 90' lang='lat' dir='ltr'>tumidum</span> <span class='ocrx_word' id='word_1_133' title='bbox 892 2500 951 2550; x_wconf 91' lang='lat' dir='ltr'>ore</span> <span class='ocrx_word' id='word_1_134' title='bbox 977 2477 1107 2571; x_wconf 84' lang='lat' dir='ltr'>clauso,</span> <span class='ocrx_word' id='word_1_135' title='bbox 1134 2477 1233 2548; x_wconf 87' lang='lat' dir='ltr'>buco.</span> <span class='ocrx_word' id='word_1_136' title='bbox 1262 2499 1380 2571; x_wconf 89' lang='lat' dir='ltr'>magn.</span> <span class='ocrx_word' id='word_1_137' title='bbox 1408 2476 1496 2548; x_wconf 92' lang='lat' dir='ltr'>crin.</span> <span class='ocrx_word' id='word_1_138' title='bbox 1524 2483 1577 2549; x_wconf 90' lang='lat' dir='ltr'>ter</span> <span class='ocrx_word' id='word_1_139' title='bbox 1602 2476 1673 2548; x_wconf 82' lang='lat' dir='ltr'>dir.</span> 
     </span>
     <span class='ocr_line' id='line_1_17' title="bbox 319 2594 1161 2715; baseline -0.001 -47"><span class='ocrx_word' id='word_1_140' title='bbox 319 2595 350 2690; x_wconf 89' lang='lat'>)(</span> <span class='ocrx_word' id='word_1_141' title='bbox 375 2595 491 2692; x_wconf 79' lang='lat' dir='ltr'>Caput</span> <span class='ocrx_word' id='word_1_142' title='bbox 541 2594 728 2666; x_wconf 87' lang='lat' dir='ltr'>adversum</span> <span class='ocrx_word' id='word_1_143' title='bbox 785 2595 885 2667; x_wconf 83' lang='lat' dir='ltr'>bovis</span> <span class='ocrx_word' id='word_1_144' title='bbox 936 2594 1029 2667; x_wconf 89' lang='lat' dir='ltr'>inter</span> <span class='ocrx_word' id='word_1_145' title='bbox 1072 2603 1161 2715; x_wconf 50' lang='lat'>0⁸⁰·</span> 
     </span>
     <span class='ocr_line' id='line_1_18' title="bbox 319 2711 1146 2808; baseline -0.008 -23"><span class='ocrx_word' id='word_1_146' title='bbox 319 2711 368 2785; x_wconf 69' lang='grc' dir='ltr'>ΖΕ</span> <span class='ocrx_word' id='word_1_147' title='bbox 395 2712 1040 2808; x_wconf 77' lang='lat' dir='ltr'>22ll.-Minervini,Saggi0t.2.1.</span> <span class='ocrx_word' id='word_1_148' title='bbox 1091 2731 1146 2779; x_wconf 78' lang='lat' dir='ltr'>u</span> 
     </span>
    </p>

    <p class='ocr_par' dir='ltr' id='par_1_6' title="bbox 226 2823 1876 3042">
     <span class='ocr_line' id='line_1_19' title="bbox 226 2823 1876 2925; baseline 0.001 -31"><span class='ocrx_word' id='word_1_149' title='bbox 226 2824 274 2894; x_wconf 77' lang='lat' dir='ltr'>ab</span> <span class='ocrx_word' id='word_1_150' title='bbox 326 2828 348 2900; x_wconf 82' lang='lat'>2</span> <span class='ocrx_word' id='word_1_151' title='bbox 376 2828 461 2924; x_wconf 85' lang='lat' dir='ltr'>Gap.</span> <span class='ocrx_word' id='word_1_152' title='bbox 478 2826 654 2922; x_wconf 83' lang='lat' dir='ltr'>Gorgonis</span> <span class='ocrx_word' id='word_1_153' title='bbox 669 2828 785 2901; x_wconf 91' lang='lat' dir='ltr'>minus</span> <span class='ocrx_word' id='word_1_154' title='bbox 798 2829 985 2925; x_wconf 90' lang='lat' dir='ltr'>tumidum,</span> <span class='ocrx_word' id='word_1_155' title='bbox 999 2834 1118 2900; x_wconf 89' lang='lat' dir='ltr'>mento</span> <span class='ocrx_word' id='word_1_156' title='bbox 1133 2851 1205 2899; x_wconf 90' lang='lat' dir='ltr'>non</span> <span class='ocrx_word' id='word_1_157' title='bbox 1220 2827 1304 2921; x_wconf 74' lang='lat' dir='ltr'>diu,</span> <span class='ocrx_word' id='word_1_158' title='bbox 1318 2823 1548 2922; x_wconf 79' lang='lat' dir='ltr'>orinpassie?</span> <span class='ocrx_word' id='word_1_159' title='bbox 1573 2824 1603 2919; x_wconf 91' lang='lat'>)(</span> <span class='ocrx_word' id='word_1_160' title='bbox 1616 2823 1661 2895; x_wconf 93' lang='lat' dir='ltr'>ln</span> <span class='ocrx_word' id='word_1_161' title='bbox 1671 2823 1803 2897; x_wconf 91' lang='lat' dir='ltr'>circulo</span> <span class='ocrx_word' id='word_1_162' title='bbox 1821 2847 1876 2896; x_wconf 81' lang='lat' dir='ltr'><em>u</em></span> 
     </span>
     <span class='ocr_line' id='line_1_20' title="bbox 320 2942 1454 3042; baseline -0.002 -26"><span class='ocrx_word' id='word_1_163' title='bbox 320 2942 369 3016; x_wconf 71' lang='grc' dir='ltr'><em>Ε</em></span> <span class='ocrx_word' id='word_1_164' title='bbox 397 2945 455 3016; x_wconf 86' lang='grc'>19.</span> <span class='ocrx_word' id='word_1_165' title='bbox 482 2987 530 2998; x_wconf 93' lang='lat'>-</span> <span class='ocrx_word' id='word_1_166' title='bbox 557 2944 763 3042; x_wconf 85' lang='lat' dir='ltr'>Minervini,</span> <span class='ocrx_word' id='word_1_167' title='bbox 790 2945 919 3041; x_wconf 84' lang='lat' dir='ltr'>Saggio</span> <span class='ocrx_word' id='word_1_168' title='bbox 945 2946 980 3018; x_wconf 88' lang='lat' dir='ltr'>di</span> <span class='ocrx_word' id='word_1_169' title='bbox 1008 2945 1092 3019; x_wconf 88' lang='lat' dir='ltr'>Obs.</span> <span class='ocrx_word' id='word_1_170' title='bbox 1121 2942 1229 3017; x_wconf 89' lang='lat' dir='ltr'>Num.</span> <span class='ocrx_word' id='word_1_171' title='bbox 1256 2943 1328 3015; x_wconf 89' lang='lat' dir='ltr'>tab.</span> <span class='ocrx_word' id='word_1_172' title='bbox 1359 2946 1391 3015; x_wconf 89' lang='grc'>2.</span> <span class='ocrx_word' id='word_1_173' title='bbox 1421 2945 1454 3015; x_wconf 88' lang='grc'>2.</span> 
     </span>
    </p>

    <p class='ocr_par' dir='ltr' id='par_1_7' title="bbox 321 3059 1881 3264">
     <span class='ocr_line' id='line_1_21' title="bbox 370 3059 1881 3161; baseline -0.003 -27"><span class='ocrx_word' id='word_1_174' title='bbox 370 3061 461 3134; x_wconf 83' lang='lat' dir='ltr'>Gum</span> <span class='ocrx_word' id='word_1_175' title='bbox 487 3095 508 3141; x_wconf 75' lang='lat' dir='ltr'>a</span> <span class='ocrx_word' id='word_1_176' title='bbox 534 3062 757 3158; x_wconf 91' lang='lat' dir='ltr'>potissimum</span> <span class='ocrx_word' id='word_1_177' title='bbox 785 3070 1032 3161; x_wconf 80' lang='lat' dir='ltr'>comparentur</span> <span class='ocrx_word' id='word_1_178' title='bbox 1057 3062 1194 3135; x_wconf 91' lang='lat' dir='ltr'>nummi</span> <span class='ocrx_word' id='word_1_179' title='bbox 1220 3061 1449 3134; x_wconf 78' lang='lat' dir='ltr'>Macedoniae</span> <span class='ocrx_word' id='word_1_180' title='bbox 1475 3060 1653 3150; x_wconf 85' lang='lat' dir='ltr'>(Mionnet</span> <span class='ocrx_word' id='word_1_181' title='bbox 1677 3059 1698 3132; x_wconf 92' lang='grc' dir='ltr'><strong>Ι</strong></span> <span class='ocrx_word' id='word_1_182' title='bbox 1723 3083 1780 3157; x_wconf 87' lang='lat' dir='ltr'>pg.</span> <span class='ocrx_word' id='word_1_183' title='bbox 1809 3060 1881 3131; x_wconf 85' lang='lat'>553</span> 
     </span>
     <span class='ocr_line' id='line_1_22' title="bbox 321 3178 628 3264; baseline 0.007 -13"><span class='ocrx_word' id='word_1_184' title='bbox 321 3178 368 3251; x_wconf 88' lang='lat' dir='ltr'>N.</span> <span class='ocrx_word' id='word_1_185' title='bbox 396 3180 628 3264; x_wconf 78' lang='grc' dir='ltr'><strong>563-5661ε</strong></span> 
     </span>
    </p>

    <p class='ocr_par' dir='ltr' id='par_1_8' title="bbox 221 3293 1882 3512">
     <span class='ocr_line' id='line_1_23' title="bbox 221 3293 1882 3394; baseline -0.003 -25"><span class='ocrx_word' id='word_1_186' title='bbox 221 3293 275 3362; x_wconf 76' lang='lat'>2⁸¹</span> <span class='ocrx_word' id='word_1_187' title='bbox 321 3294 408 3393; x_wconf 85' lang='lat' dir='ltr'>Gap.</span> <span class='ocrx_word' id='word_1_188' title='bbox 449 3295 626 3391; x_wconf 84' lang='lat' dir='ltr'>Gorgonis</span> <span class='ocrx_word' id='word_1_189' title='bbox 664 3295 789 3391; x_wconf 87' lang='lat' dir='ltr'>lingua</span> <span class='ocrx_word' id='word_1_190' title='bbox 824 3296 967 3392; x_wconf 92' lang='lat' dir='ltr'>quidem</span> <span class='ocrx_word' id='word_1_191' title='bbox 1001 3322 1087 3394; x_wconf 82' lang='lat' dir='ltr'>exs,</span> <span class='ocrx_word' id='word_1_192' title='bbox 1123 3295 1301 3369; x_wconf 90' lang='lat' dir='ltr'>interdum</span> <span class='ocrx_word' id='word_1_193' title='bbox 1328 3295 1531 3388; x_wconf 85' lang='lat' dir='ltr'>rotundum,</span> <span class='ocrx_word' id='word_1_194' title='bbox 1559 3293 1737 3365; x_wconf 91' lang='lat' dir='ltr'>interdum</span> <span class='ocrx_word' id='word_1_195' title='bbox 1763 3299 1882 3365; x_wconf 92' lang='lat' dir='ltr'>mento</span> 
     </span>
     <span class='ocr_line' id='line_1_24' title="bbox 319 3413 1484 3512; baseline -0.003 -25"><span class='ocrx_word' id='word_1_196' title='bbox 319 3414 487 3509; x_wconf 86' lang='lat' dir='ltr'>acutiore,</span> <span class='ocrx_word' id='word_1_197' title='bbox 514 3415 602 3487; x_wconf 91' lang='lat' dir='ltr'>crin.</span> <span class='ocrx_word' id='word_1_198' title='bbox 629 3438 732 3511; x_wconf 84' lang='lat' dir='ltr'>saepe</span> <span class='ocrx_word' id='word_1_199' title='bbox 757 3413 872 3509; x_wconf 81' lang='lat' dir='ltr'>divis,</span> <span class='ocrx_word' id='word_1_200' title='bbox 901 3415 939 3487; x_wconf 93' lang='lat' dir='ltr'>in</span> <span class='ocrx_word' id='word_1_201' title='bbox 964 3416 1079 3488; x_wconf 92' lang='lat' dir='ltr'>medio</span> <span class='ocrx_word' id='word_1_202' title='bbox 1105 3414 1218 3512; x_wconf 88' lang='lat' dir='ltr'>clipeo</span> <span class='ocrx_word' id='word_1_203' title='bbox 1244 3413 1484 3487; x_wconf 89' lang='lat' dir='ltr'>Macedonico.</span> 
     </span>
    </p>

    <p class='ocr_par' dir='ltr' id='par_1_9' title="bbox 320 3525 1880 3746">
     <span class='ocr_line' id='line_1_25' title="bbox 320 3525 1880 3628; baseline -0.004 -24"><span class='ocrx_word' id='word_1_204' title='bbox 320 3536 350 3621; x_wconf 89' lang='lat'>)(</span> <span class='ocrx_word' id='word_1_205' title='bbox 375 3525 489 3604; x_wconf 89' lang='lat' dir='ltr'>Galea</span> <span class='ocrx_word' id='word_1_206' title='bbox 515 3530 743 3603; x_wconf 87' lang='lat' dir='ltr'>Macedonica</span> <span class='ocrx_word' id='word_1_207' title='bbox 766 3531 925 3628; x_wconf 84' lang='lat' dir='ltr'>adversa,</span> <span class='ocrx_word' id='word_1_208' title='bbox 940 3530 1202 3628; x_wconf 64' lang='lat' dir='ltr'>s-ienrugg</span> <span class='ocrx_word' id='word_1_209' title='bbox 1218 3531 1257 3604; x_wconf 89' lang='lat' dir='ltr'>in</span> <span class='ocrx_word' id='word_1_210' title='bbox 1279 3554 1361 3603; x_wconf 89' lang='lat' dir='ltr'>area</span> <span class='ocrx_word' id='word_1_211' title='bbox 1374 3529 1589 3601; x_wconf 89' lang='lat' dir='ltr'>oaduceuset</span> <span class='ocrx_word' id='word_1_212' title='bbox 1606 3549 1880 3621; x_wconf 89' lang='lat' dir='ltr'>monogramma.</span> 
     </span>
     <span class='ocr_line' id='line_1_26' title="bbox 323 3645 1788 3746; baseline -0.003 -25"><span class='ocrx_word' id='word_1_213' title='bbox 323 3647 372 3721; x_wconf 68' lang='grc' dir='ltr'>ΛΕ</span> <span class='ocrx_word' id='word_1_214' title='bbox 401 3650 558 3722; x_wconf 81' lang='grc'><strong>16-15,</strong></span> <span class='ocrx_word' id='word_1_215' title='bbox 588 3650 811 3722; x_wconf 56' lang='grc'><strong>’1.’10-315</strong></span> <span class='ocrx_word' id='word_1_216' title='bbox 838 3649 931 3722; x_wconf 88' lang='lat' dir='ltr'>Bibl.</span> <span class='ocrx_word' id='word_1_217' title='bbox 961 3651 1047 3746; x_wconf 88' lang='lat' dir='ltr'>ch.</span> <span class='ocrx_word' id='word_1_218' title='bbox 1074 3650 1200 3745; x_wconf 83' lang='lat' dir='ltr'>Hagae</span> <span class='ocrx_word' id='word_1_219' title='bbox 1226 3648 1386 3745; x_wconf 80' lang='lat' dir='ltr'>Comitis3</span> <span class='ocrx_word' id='word_1_220' title='bbox 1413 3646 1504 3721; x_wconf 84' lang='lat' dir='ltr'>Goll.</span> <span class='ocrx_word' id='word_1_221' title='bbox 1532 3646 1595 3719; x_wconf 82' lang='lat' dir='ltr'>six</span> <span class='ocrx_word' id='word_1_222' title='bbox 1623 3645 1692 3732; x_wconf 84' lang='lat' dir='ltr'>(IV</span> <span class='ocrx_word' id='word_1_223' title='bbox 1718 3650 1788 3736; x_wconf 84' lang='lat' dir='ltr'>ex.)</span> 
     </span>
    </p>

    <p class='ocr_par' dir='ltr' id='par_1_10' title="bbox 320 3761 1877 4215">
     <span class='ocr_line' id='line_1_27' title="bbox 369 3761 1877 3864; baseline -0.002 -27"><span class='ocrx_word' id='word_1_224' title='bbox 369 3765 449 3837; x_wconf 87' lang='lat' dir='ltr'>Hoc</span> <span class='ocrx_word' id='word_1_225' title='bbox 486 3787 596 3858; x_wconf 91' lang='lat' dir='ltr'>genus</span> <span class='ocrx_word' id='word_1_226' title='bbox 639 3765 766 3862; x_wconf 90' lang='lat' dir='ltr'>capitis</span> <span class='ocrx_word' id='word_1_227' title='bbox 806 3791 909 3864; x_wconf 88' lang='lat' dir='ltr'>saepe</span> <span class='ocrx_word' id='word_1_228' title='bbox 947 3768 1008 3841; x_wconf 90' lang='lat' dir='ltr'>sed</span> <span class='ocrx_word' id='word_1_229' title='bbox 1041 3769 1118 3841; x_wconf 90' lang='lat' dir='ltr'>sine</span> <span class='ocrx_word' id='word_1_230' title='bbox 1156 3767 1281 3862; x_wconf 88' lang='lat' dir='ltr'>lingua</span> <span class='ocrx_word' id='word_1_231' title='bbox 1314 3767 1353 3840; x_wconf 91' lang='lat' dir='ltr'>in</span> <span class='ocrx_word' id='word_1_232' title='bbox 1393 3762 1631 3838; x_wconf 92' lang='lat' dir='ltr'>monumentis</span> <span class='ocrx_word' id='word_1_233' title='bbox 1674 3761 1877 3835; x_wconf 88' lang='lat' dir='ltr'>recentioris</span> 
     </span>
     <span class='ocr_line' id='line_1_28' title="bbox 320 3882 1873 3980; baseline -0.002 -25"><span class='ocrx_word' id='word_1_234' title='bbox 320 3882 447 3955; x_wconf 88' lang='lat' dir='ltr'>aetatis</span> <span class='ocrx_word' id='word_1_235' title='bbox 473 3883 636 3955; x_wconf 85' lang='lat' dir='ltr'>occurrit.</span> <span class='ocrx_word' id='word_1_236' title='bbox 663 3883 840 3980; x_wconf 87' lang='lat' dir='ltr'>Exempla</span> <span class='ocrx_word' id='word_1_237' title='bbox 865 3884 1030 3980; x_wconf 83' lang='lat' dir='ltr'>colligere</span> <span class='ocrx_word' id='word_1_238' title='bbox 1056 3886 1170 3959; x_wconf 90' lang='lat' dir='ltr'>omisi.</span> <span class='ocrx_word' id='word_1_239' title='bbox 1197 3886 1289 3959; x_wconf 86' lang='lat' dir='ltr'>Eece</span> <span class='ocrx_word' id='word_1_240' title='bbox 1314 3885 1383 3958; x_wconf 89' lang='lat' dir='ltr'>duo</span> <span class='ocrx_word' id='word_1_241' title='bbox 1410 3882 1563 3978; x_wconf 92' lang='lat' dir='ltr'>quaein</span> <span class='ocrx_word' id='word_1_242' title='bbox 1589 3888 1755 3979; x_wconf 83' lang='lat' dir='ltr'>promptu</span> <span class='ocrx_word' id='word_1_243' title='bbox 1778 3888 1873 3954; x_wconf 91' lang='lat' dir='ltr'>sunt:</span> 
     </span>
     <span class='ocr_line' id='line_1_29' title="bbox 322 3997 1874 4099; baseline -0.001 -29"><span class='ocrx_word' id='word_1_244' title='bbox 322 3999 337 4070; x_wconf 92' lang='lat'>1</span> <span class='ocrx_word' id='word_1_245' title='bbox 379 3998 496 4071; x_wconf 84' lang='lat' dir='ltr'>Gonze</span> <span class='ocrx_word' id='word_1_246' title='bbox 530 3997 575 4071; x_wconf 91' lang='lat' dir='ltr'>V.</span> <span class='ocrx_word' id='word_1_247' title='bbox 611 3998 667 4071; x_wconf 93' lang='lat' dir='ltr'>Bl.</span> <span class='ocrx_word' id='word_1_248' title='bbox 702 4000 733 4072; x_wconf 94' lang='lat' dir='ltr'>I.</span> <span class='ocrx_word' id='word_1_249' title='bbox 772 4002 817 4072; x_wconf 89' lang='grc'><strong>12</strong></span> <span class='ocrx_word' id='word_1_250' title='bbox 853 4002 1031 4099; x_wconf 83' lang='lat' dir='ltr'>eMillin,</span> <span class='ocrx_word' id='word_1_251' title='bbox 1070 4004 1276 4076; x_wconf 85' lang='lat' dir='ltr'>Tombeaux</span> <span class='ocrx_word' id='word_1_252' title='bbox 1311 4002 1354 4075; x_wconf 90' lang='lat' dir='ltr'>de</span> <span class='ocrx_word' id='word_1_253' title='bbox 1392 4001 1550 4075; x_wconf 85' lang='lat' dir='ltr'>Gancsa:</span> <span class='ocrx_word' id='word_1_254' title='bbox 1590 4022 1652 4071; x_wconf 84' lang='lat' dir='ltr'>vas</span> <span class='ocrx_word' id='word_1_255' title='bbox 1679 3997 1775 4072; x_wconf 91' lang='lat' dir='ltr'>rubr.</span> <span class='ocrx_word' id='word_1_256' title='bbox 1803 3997 1874 4092; x_wconf 90' lang='lat' dir='ltr'>fig..</span> 
     </span>
     <span class='ocr_line' id='line_1_30' title="bbox 321 4115 1541 4215; baseline 0 -28"><span class='ocrx_word' id='word_1_257' title='bbox 321 4118 343 4188; x_wconf 91' lang='grc'>2</span> <span class='ocrx_word' id='word_1_258' title='bbox 368 4115 519 4188; x_wconf 88' lang='lat' dir='ltr'>Journal</span> <span class='ocrx_word' id='word_1_259' title='bbox 542 4115 581 4188; x_wconf 81' lang='lat' dir='ltr'>ol</span> <span class='ocrx_word' id='word_1_260' title='bbox 601 4117 698 4189; x_wconf 90' lang='lat' dir='ltr'>Hell.</span> <span class='ocrx_word' id='word_1_261' title='bbox 725 4117 825 4191; x_wconf 82' lang='lat' dir='ltr'>Stud.</span> <span class='ocrx_word' id='word_1_262' title='bbox 855 4121 950 4192; x_wconf 88' lang='lat'>1883</span> <span class='ocrx_word' id='word_1_263' title='bbox 975 4121 1048 4195; x_wconf 87' lang='lat' dir='ltr'>tab.</span> <span class='ocrx_word' id='word_1_264' title='bbox 1078 4124 1109 4194; x_wconf 93' lang='lat'>1:</span> <span class='ocrx_word' id='word_1_265' title='bbox 1137 4120 1240 4194; x_wconf 88' lang='lat' dir='ltr'>theca</span> <span class='ocrx_word' id='word_1_266' title='bbox 1264 4144 1373 4193; x_wconf 88' lang='lat' dir='ltr'>aenea</span> <span class='ocrx_word' id='word_1_267' title='bbox 1397 4116 1541 4215; x_wconf 90' lang='lat' dir='ltr'>speculi.</span> 
     </span>
    </p>

    <p class='ocr_par' dir='ltr' id='par_1_11' title="bbox 319 4232 1876 4451">
     <span class='ocr_line' id='line_1_31' title="bbox 371 4232 1876 4334; baseline 0 -28"><span class='ocrx_word' id='word_1_268' title='bbox 371 4232 430 4306; x_wconf 86' lang='lat' dir='ltr'>Ad</span> <span class='ocrx_word' id='word_1_269' title='bbox 456 4244 479 4309; x_wconf 90' lang='lat' dir='ltr'>b</span> <span class='ocrx_word' id='word_1_270' title='bbox 505 4232 631 4306; x_wconf 87' lang='lat' dir='ltr'>addere</span> <span class='ocrx_word' id='word_1_271' title='bbox 657 4241 755 4332; x_wconf 92' lang='lat' dir='ltr'>potes</span> <span class='ocrx_word' id='word_1_272' title='bbox 782 4260 945 4311; x_wconf 92' lang='lat' dir='ltr'>nummos</span> <span class='ocrx_word' id='word_1_273' title='bbox 971 4238 1168 4312; x_wconf 89' lang='lat' dir='ltr'>Gaditanos</span> <span class='ocrx_word' id='word_1_274' title='bbox 1194 4261 1343 4334; x_wconf 92' lang='lat' dir='ltr'>quorum</span> <span class='ocrx_word' id='word_1_275' title='bbox 1367 4236 1466 4310; x_wconf 82' lang='lat' dir='ltr'>varia</span> <span class='ocrx_word' id='word_1_276' title='bbox 1491 4232 1653 4331; x_wconf 86' lang='lat' dir='ltr'>exempla</span> <span class='ocrx_word' id='word_1_277' title='bbox 1676 4232 1757 4307; x_wconf 81' lang='lat' dir='ltr'>vide</span> <span class='ocrx_word' id='word_1_278' title='bbox 1782 4235 1876 4331; x_wconf 86' lang='lat' dir='ltr'>apud</span> 
     </span>
     <span class='ocr_line' id='line_1_32' title="bbox 319 4350 1654 4451; baseline 0 -29"><span class='ocrx_word' id='word_1_279' title='bbox 319 4350 427 4423; x_wconf 89' lang='lat' dir='ltr'>Heiss</span> <span class='ocrx_word' id='word_1_280' title='bbox 452 4350 575 4424; x_wconf 90' lang='lat' dir='ltr'>Monn.</span> <span class='ocrx_word' id='word_1_281' title='bbox 603 4359 676 4424; x_wconf 85' lang='lat' dir='ltr'>ant.</span> <span class='ocrx_word' id='word_1_282' title='bbox 704 4352 860 4450; x_wconf 86' lang='lat' dir='ltr'>Espagn.</span> <span class='ocrx_word' id='word_1_283' title='bbox 889 4356 975 4442; x_wconf 84' lang='lat' dir='ltr'>(tab.</span> <span class='ocrx_word' id='word_1_284' title='bbox 1004 4358 1062 4428; x_wconf 83' lang='lat'>51.</span> <span class='ocrx_word' id='word_1_285' title='bbox 1093 4357 1149 4451; x_wconf 84' lang='lat'>15,</span> <span class='ocrx_word' id='word_1_286' title='bbox 1182 4357 1227 4427; x_wconf 88' lang='grc'>16</span> <span class='ocrx_word' id='word_1_287' title='bbox 1256 4361 1291 4428; x_wconf 87' lang='lat' dir='ltr'>et</span> <span class='ocrx_word' id='word_1_288' title='bbox 1317 4356 1376 4426; x_wconf 86' lang='grc'>52.</span> <span class='ocrx_word' id='word_1_289' title='bbox 1405 4354 1463 4448; x_wconf 80' lang='grc'>27,</span> <span class='ocrx_word' id='word_1_290' title='bbox 1492 4353 1551 4448; x_wconf 85' lang='lat'>35,</span> <span class='ocrx_word' id='word_1_291' title='bbox 1579 4351 1654 4440; x_wconf 86' lang='lat'>36):</span> 
     </span>
    </p>

    <p class='ocr_par' dir='ltr' id='par_1_12' title="bbox 221 4466 1330 4570">
     <span class='ocr_line' id='line_1_33' title="bbox 221 4466 1330 4570; baseline 0.01 -37"><span class='ocrx_word' id='word_1_292' title='bbox 221 4466 262 4533; x_wconf 73' lang='lat'>2⁰</span> <span class='ocrx_word' id='word_1_293' title='bbox 317 4466 403 4563; x_wconf 87' lang='lat' dir='ltr'>Cap.</span> <span class='ocrx_word' id='word_1_294' title='bbox 430 4466 607 4561; x_wconf 88' lang='lat' dir='ltr'>Gorgonis</span> <span class='ocrx_word' id='word_1_295' title='bbox 634 4492 693 4540; x_wconf 92' lang='lat' dir='ltr'>ore</span> <span class='ocrx_word' id='word_1_296' title='bbox 718 4469 849 4564; x_wconf 79' lang='lat' dir='ltr'>clauso,</span> <span class='ocrx_word' id='word_1_297' title='bbox 877 4471 964 4545; x_wconf 89' lang='lat' dir='ltr'>orin.</span> <span class='ocrx_word' id='word_1_298' title='bbox 992 4496 1097 4570; x_wconf 85' lang='lat' dir='ltr'>pass,</span> <span class='ocrx_word' id='word_1_299' title='bbox 1124 4471 1214 4545; x_wconf 93' lang='lat' dir='ltr'>med.</span> <span class='ocrx_word' id='word_1_300' title='bbox 1245 4471 1330 4545; x_wconf 82' lang='lat' dir='ltr'>div..</span> 
     </span>
    </p>

    <p class='ocr_par' dir='ltr' id='par_1_13' title="bbox 321 4579 1876 4801">
     <span class='ocr_line' id='line_1_34' title="bbox 370 4579 1876 4684; baseline -0.001 -29"><span class='ocrx_word' id='word_1_301' title='bbox 370 4582 496 4655; x_wconf 85' lang='lat' dir='ltr'>Artius</span> <span class='ocrx_word' id='word_1_302' title='bbox 535 4588 654 4654; x_wconf 87' lang='lat' dir='ltr'>tamen</span> <span class='ocrx_word' id='word_1_303' title='bbox 693 4608 775 4656; x_wconf 90' lang='lat' dir='ltr'>oum</span> <span class='ocrx_word' id='word_1_304' title='bbox 808 4588 984 4684; x_wconf 90' lang='lat' dir='ltr'>prioribus</span> <span class='ocrx_word' id='word_1_305' title='bbox 1010 4588 1173 4661; x_wconf 87' lang='lat' dir='ltr'>cohaeret</span> <span class='ocrx_word' id='word_1_306' title='bbox 1199 4588 1365 4660; x_wconf 89' lang='lat' dir='ltr'>denarius</span> <span class='ocrx_word' id='word_1_307' title='bbox 1392 4586 1433 4659; x_wconf 82' lang='lat' dir='ltr'>L.</span> <span class='ocrx_word' id='word_1_308' title='bbox 1460 4583 1597 4658; x_wconf 89' lang='lat' dir='ltr'>Plautii</span> <span class='ocrx_word' id='word_1_309' title='bbox 1625 4579 1752 4654; x_wconf 88' lang='lat' dir='ltr'>Planci</span> <span class='ocrx_word' id='word_1_310' title='bbox 1778 4581 1876 4654; x_wconf 91' lang='lat' dir='ltr'>intra</span> 
     </span>
     <span class='ocr_line' id='line_1_35' title="bbox 321 4701 1562 4801; baseline 0.002 -30"><span class='ocrx_word' id='word_1_311' title='bbox 321 4721 434 4771; x_wconf 87' lang='lat' dir='ltr'>annos</span> <span class='ocrx_word' id='word_1_312' title='bbox 460 4701 607 4771; x_wconf 82' lang='lat'>49-45</span> <span class='ocrx_word' id='word_1_313' title='bbox 633 4725 656 4772; x_wconf 98' lang='lat' dir='ltr'>a</span> <span class='ocrx_word' id='word_1_314' title='bbox 681 4701 765 4774; x_wconf 84' lang='lat' dir='ltr'>Ghr.</span> <span class='ocrx_word' id='word_1_315' title='bbox 791 4727 827 4774; x_wconf 91' lang='lat' dir='ltr'>n.</span> <span class='ocrx_word' id='word_1_316' title='bbox 855 4705 1208 4793; x_wconf 84' lang='lat' dir='ltr'>(Mommsen-Blaoas</span> <span class='ocrx_word' id='word_1_317' title='bbox 1235 4729 1291 4801; x_wconf 91' lang='lat' dir='ltr'>pg.</span> <span class='ocrx_word' id='word_1_318' title='bbox 1319 4707 1407 4787; x_wconf 80' lang='lat'><strong>545)</strong></span> <span class='ocrx_word' id='word_1_319' title='bbox 1432 4725 1562 4775; x_wconf 88' lang='lat' dir='ltr'>ousus:</span> 
     </span>
    </p>

    <p class='ocr_par' dir='ltr' id='par_1_14' title="bbox 221 4812 1881 5260">
     <span class='ocr_line' id='line_1_36' title="bbox 221 4812 1878 4917; baseline 0.003 -36"><span class='ocrx_word' id='word_1_320' title='bbox 221 4812 266 4881; x_wconf 65' lang='lat' dir='ltr'>dd</span> <span class='ocrx_word' id='word_1_321' title='bbox 320 4813 406 4910; x_wconf 86' lang='lat' dir='ltr'>Gap.</span> <span class='ocrx_word' id='word_1_322' title='bbox 434 4814 610 4909; x_wconf 85' lang='lat' dir='ltr'>Gorgonis</span> <span class='ocrx_word' id='word_1_323' title='bbox 637 4817 839 4914; x_wconf 85' lang='lat' dir='ltr'>rotundum,</span> <span class='ocrx_word' id='word_1_324' title='bbox 867 4842 926 4892; x_wconf 91' lang='lat' dir='ltr'>ore</span> <span class='ocrx_word' id='word_1_325' title='bbox 952 4822 1072 4893; x_wconf 83' lang='lat' dir='ltr'>clauso</span> <span class='ocrx_word' id='word_1_326' title='bbox 1099 4820 1293 4908; x_wconf 87' lang='lat' dir='ltr'>(interdum</span> <span class='ocrx_word' id='word_1_327' title='bbox 1319 4826 1451 4917; x_wconf 87' lang='lat' dir='ltr'>aperto,</span> <span class='ocrx_word' id='word_1_328' title='bbox 1490 4817 1586 4889; x_wconf 87' lang='lat' dir='ltr'>dent.</span> <span class='ocrx_word' id='word_1_329' title='bbox 1614 4837 1712 4912; x_wconf 88' lang='lat' dir='ltr'>parv.</span> <span class='ocrx_word' id='word_1_330' title='bbox 1742 4812 1878 4886; x_wconf 80' lang='lat' dir='ltr'>ferent</span> 
     </span>
     <span class='ocr_line' id='line_1_37' title="bbox 325 4929 1878 5032; baseline 0.001 -30"><span class='ocrx_word' id='word_1_331' title='bbox 325 4930 365 5003; x_wconf 91' lang='lat' dir='ltr'>in</span> <span class='ocrx_word' id='word_1_332' title='bbox 390 4931 544 5005; x_wconf 93' lang='lat' dir='ltr'>nummis</span> <span class='ocrx_word' id='word_1_333' title='bbox 569 4931 801 5029; x_wconf 86' lang='lat' dir='ltr'>Populoniae)</span> <span class='ocrx_word' id='word_1_334' title='bbox 828 4941 975 5032; x_wconf 89' lang='lat' dir='ltr'>(supero.</span> <span class='ocrx_word' id='word_1_335' title='bbox 1003 4936 1180 5010; x_wconf 91' lang='lat' dir='ltr'>interdum</span> <span class='ocrx_word' id='word_1_336' title='bbox 1205 4942 1332 5026; x_wconf 88' lang='lat' dir='ltr'>contr.)</span> <span class='ocrx_word' id='word_1_337' title='bbox 1360 4936 1450 5009; x_wconf 91' lang='lat' dir='ltr'>crin.</span> <span class='ocrx_word' id='word_1_338' title='bbox 1476 4932 1579 5007; x_wconf 90' lang='lat' dir='ltr'>mult.</span> <span class='ocrx_word' id='word_1_339' title='bbox 1593 4930 1733 5004; x_wconf 87' lang='lat' dir='ltr'>retortis</span> <span class='ocrx_word' id='word_1_340' title='bbox 1747 4929 1878 5028; x_wconf 87' lang='lat' dir='ltr'>sparsis</span> 
     </span>
     <span class='ocr_line' id='line_1_38' title="bbox 319 5047 1881 5149; baseline -0.001 -28"><span class='ocrx_word' id='word_1_341' title='bbox 319 5047 428 5139; x_wconf 89' lang='lat' dir='ltr'>(inter</span> <span class='ocrx_word' id='word_1_342' title='bbox 454 5072 541 5144; x_wconf 92' lang='lat' dir='ltr'>quos</span> <span class='ocrx_word' id='word_1_343' title='bbox 569 5050 747 5123; x_wconf 87' lang='lat' dir='ltr'>interdum</span> <span class='ocrx_word' id='word_1_344' title='bbox 772 5050 813 5125; x_wconf 94' lang='grc' dir='ltr'><strong><em>Π</em></strong></span> <span class='ocrx_word' id='word_1_345' title='bbox 838 5056 996 5149; x_wconf 87' lang='lat' dir='ltr'>angues).</span> <span class='ocrx_word' id='word_1_346' title='bbox 1027 5068 1281 5123; x_wconf 53' lang='lat' dir='ltr'>ceraunus</span> <span class='ocrx_word' id='word_1_347' title='bbox 1307 5053 1336 5148; x_wconf 83' lang='lat'>)(</span> <span class='ocrx_word' id='word_1_348' title='bbox 1364 5063 1544 5135; x_wconf 67' lang='lat' dir='ltr'>euenere,</span> <span class='ocrx_word' id='word_1_349' title='bbox 1574 5049 1714 5122; x_wconf 81' lang='lat' dir='ltr'>Aurora</span> <span class='ocrx_word' id='word_1_350' title='bbox 1740 5047 1881 5144; x_wconf 88' lang='lat' dir='ltr'>quadri·</span> 
     </span>
     <span class='ocr_line' id='line_1_39' title="bbox 319 5164 663 5260; baseline 0.012 -24"><span class='ocrx_word' id='word_1_351' title='bbox 319 5187 383 5260; x_wconf 86' lang='lat' dir='ltr'>gas</span> <span class='ocrx_word' id='word_1_352' title='bbox 409 5164 495 5238; x_wconf 89' lang='lat' dir='ltr'>solis</span> <span class='ocrx_word' id='word_1_353' title='bbox 519 5165 663 5240; x_wconf 88' lang='lat' dir='ltr'>ducens.</span> 
     </span>
    </p>
   </div>
   <div class='ocr_carea' id='block_1_3' title="bbox 0 0 2408 6390">
    <p class='ocr_par' dir='ltr' id='par_1_15' title="bbox 0 0 2408 6390">
     <span class='ocr_line' id='line_1_40' title="bbox 0 0 2408 6390; baseline 0 0"><span class='ocrx_word' id='word_1_354' title='bbox 0 0 2408 6390; x_wconf 95' lang='lat' dir='ltr'> </span> 
     </span>
    </p>
   </div>
  </div>
 </body>
</html>
