4808 6390
1106 636 1128 709 3

282 857 369 946 erat,
397 850 754 948 circumscriptionem
782 852 902 924 uultus
930 852 1164 948 variaverunt,
1197 878 1286 949 quae
1311 854 1462 927 rotunda
1487 852 1610 951 clipea,
1637 853 1807 948 quadrata
1833 875 1939 925 ansae

283 969 428 1042 crateris
467 968 524 1041 uel
560 970 729 1066 quadrato
756 971 889 1064 incuso,
916 969 1021 1043 altior
1046 971 1303 1067 antiquissimis
1330 971 1483 1044 nummis
1508 972 1622 1068 aptior
1648 971 1842 1043 videbatur.

332 1085 509 1180 Longiore
546 1093 664 1159 autem
702 1088 955 1161 consuetudine
992 1089 1079 1161 artis
1125 1113 1166 1161 ea
1191 1112 1320 1183 genera
1345 1112 1436 1183 quae
1461 1089 1640 1159 ornatiora
1666 1087 1877 1159 videbantur
1903 1089 1941 1158 in

282 1201 493 1273 immensum
520 1209 716 1298 creverunt,
743 1210 857 1276 cetera
881 1205 1040 1278 extincta
1066 1211 1150 1278 sunt
1175 1204 1352 1300 (survival
1377 1204 1417 1276 of
1439 1204 1499 1276 the
1524 1205 1658 1299 fittest),
1696 1202 1805 1276 donee
1834 1203 1943 1276 aetati

282 1316 489 1411 elegantiori
524 1318 671 1391 nimiam
708 1319 956 1416 antiquitatem
990 1320 1143 1394 redolere
1168 1321 1256 1416 visa,
1283 1320 1398 1416 magis
1425 1320 1607 1417 magisque
1632 1320 1677 1392 ab
1703 1319 1801 1392 omni
1827 1318 1943 1417 specie

281 1434 449 1530 peculiari
488 1434 675 1531 denudata,
710 1435 755 1508 ad
794 1460 1014 1509 communem
1052 1437 1201 1533 effigiem
1240 1436 1382 1511 redacta
1412 1436 1536 1531 forent,
1578 1436 1647 1509 nisi
1687 1435 1789 1508 noris
1828 1433 1942 1508 modis

282 1573 395 1623 norae
420 1557 542 1645 gentes
568 1559 705 1624 creatae
730 1560 857 1628 essent.

332 1667 452 1740 Primo
492 1667 568 1740 loeo
606 1678 727 1763 gentes
756 1669 781 1759 ¹)
822 1671 1035 1744 etfamilias
1061 1672 1229 1744 constitui
1255 1672 1461 1768 inquibus,
1490 1678 1661 1768 quantum
1689 1671 1787 1769 potui
1818 1694 1941 1743 seeun-

282 1782 366 1855 dum
403 1791 565 1880 aetatem,
602 1785 713 1858 artius
753 1794 902 1881 cognata
936 1788 1097 1885 exempla
1131 1787 1304 1883 ordinavi,
1336 1788 1464 1883 quibus
1490 1788 1614 1859 deinde
1639 1787 1774 1861 laxiore
1799 1787 1941 1884 propin·

283 1901 430 1997 quitatis
455 1902 598 1975 vinculo
623 1904 801 2000 adstricta,
829 1928 918 2001 quae
943 1912 1062 1979 tamen
1087 1906 1227 2004 propria
1251 1905 1433 2002 hucusque
1459 1905 1596 1978 familia
1624 1912 1793 2000 carerent,
1815 1904 1941 1978 addere

282 2042 355 2091 non
393 2018 565 2093 dubitavi.
616 2020 771 2093 Facilior
808 2021 845 2093 in
879 2022 1051 2095 affinitate
1085 2023 1304 2117 adsignanda
1339 2022 1390 2096 lui
1424 2022 1470 2095 iis
1495 2020 1556 2117 qui
1583 2046 1628 2094 ex
1654 2021 1773 2094 eadem
1800 2020 1941 2116 regione

282 2141 409 2229 essent,
453 2142 494 2208 ut
541 2138 695 2210 nummis
733 2138 888 2210 eiusdem
924 2139 1033 2235 urbis,
1072 2140 1179 2212 armis
1217 2147 1252 2212 et
1291 2138 1507 2213 ornamentis
1547 2139 1585 2210 in
1625 2138 1744 2211 eodem
1782 2137 1942 2235 sepulcro

281 2252 440 2348 repertis,
468 2252 643 2325 diffieilior
668 2255 730 2326 ubi
754 2254 869 2352 patria
895 2279 914 2328 e
936 2279 1062 2349 genere
1088 2256 1289 2328 deducenda
1315 2262 1402 2328 erat.

333 2368 416 2441 Non
450 2369 544 2440 enim
580 2394 635 2442 me
660 2370 753 2465 fugit
777 2372 815 2444 in
841 2372 989 2445 diversis
1015 2373 1230 2468 regionibus,
1256 2373 1376 2446 eodem
1402 2380 1557 2470 ternpore
1584 2370 1784 2444 simillimas
1810 2370 1942 2466 speeies

282 2485 460 2558 exstitisse
500 2494 540 2558 ut
577 2487 614 2559 in
652 2487 780 2561 insulis
815 2488 932 2586 Cypro
967 2496 1002 2562 et
1036 2491 1150 2563 Lesbo
1185 2497 1220 2562 et
1253 2489 1387 2584 Sicilia,
1423 2495 1463 2561 ut
1496 2488 1535 2560 in
1570 2489 1661 2561 Asia
1695 2495 1729 2559 et
1763 2486 1938 2582 Sardinia,

283 2610 324 2678 ut
361 2604 525 2690 Athenis,
565 2605 700 2698 Tegeae
736 2612 771 2677 et
795 2606 912 2701 Lesbi,
938 2620 979 2679 ut
1004 2608 1042 2679 in
1067 2607 1191 2680 Attica
1215 2614 1251 2680 et
1276 2607 1432 2680 Etruria.
1460 2605 1581 2679 Plures
1608 2606 1645 2677 in
1671 2605 1783 2699 magis
1809 2602 1939 2676 ricinis

284 2721 487 2817 regionibus
513 2720 653 2793 silentio
679 2722 886 2818 praeteribo.

335 2837 405 2912 Ubi
449 2837 687 2923 dubitationes
724 2838 766 2912 de
803 2862 930 2933 genere
967 2849 1173 2937 supererant
1210 2840 1353 2913 maioris
1391 2838 1559 2912 momenti
1596 2837 1684 2909 mihi
1722 2859 1858 2932 semper
1882 2858 1943 2907 eae

284 2952 405 3026 vultus
444 2961 561 3051 partes
603 2954 748 3027 fuerunt
784 2979 885 3053 quae,
910 2956 1089 3028 difficilius
1116 2958 1236 3054 paucis
1262 2955 1378 3028 verbis
1405 2954 1660 3048 discribendae,
1687 2952 1800 3046 magis
1825 2958 1943 3023 tamen

284 3068 407 3140 ceteris
434 3069 535 3141 faciei
562 3077 724 3143 naturam
751 3072 949 3168 definirent,
976 3084 1017 3145 ut
1042 3075 1172 3146 buccae
1198 3073 1312 3146 malae
1337 3078 1506 3166 mentum,
1533 3070 1669 3164 deinde,
1696 3069 1760 3141 rix
1785 3066 1943 3163 minoris,

285 3186 439 3282 spatium
478 3188 570 3282 quod
597 3212 619 3260 a
645 3197 763 3260 mento
789 3189 834 3261 ad
861 3190 991 3282 oculos,
1017 3192 1062 3263 ab
1089 3190 1200 3263 oculis
1226 3189 1270 3262 ad
1296 3188 1447 3262 erinium
1473 3187 1606 3259 radices
1633 3193 1733 3259 esset.
1776 3185 1939 3259 (binium

285 3308 415 3375 ornatu
442 3310 564 3376 contra
589 3328 669 3377 raro
695 3305 737 3376 ad
764 3305 857 3378 hauc
883 3331 956 3379 rem
983 3331 1067 3379 usus
1093 3331 1183 3400 sum,
1215 3305 1421 3402 plerumque
1447 3329 1492 3377 ex
1517 3327 1557 3375 eo
1583 3308 1734 3375 aetatem
1759 3300 1944 3398 potiusin·

284 3418 482 3513 dagandam
525 3444 599 3493 esse
640 3422 896 3509 existimabam,
937 3424 1028 3519 quod
1067 3422 1262 3518 Gorgones,
1301 3445 1411 3517 aeque
1448 3444 1489 3493 ac
1514 3426 1645 3493 ceteros
1672 3418 1754 3490 deos
1779 3416 1942 3513 deasque,

283 3535 469 3609 hominum
494 3562 607 3609 mores
634 3539 670 3609 in
700 3539 756 3610 his
782 3541 886 3613 rebus
911 3547 1048 3613 secutos
1075 3564 1150 3613 esse
1175 3540 1343 3636 suspicor.
1394 3538 1606 3632 Magnorum
1641 3534 1800 3607 dentium
1834 3532 1941 3607 etiam

284 3652 399 3723 minor
433 3653 582 3726 utilitas.
617 3655 792 3752 Exempla
825 3656 948 3730 fictilia
982 3658 1078 3754 novi,
1122 3657 1242 3729 eodem
1276 3664 1361 3753 typo
1394 3655 1497 3748 facts,
1533 3676 1681 3748 quorum
1717 3675 1827 3723 unum
1860 3649 1942 3721 illos

283 3768 438 3864 exhibet,
479 3770 628 3843 alterum
667 3797 739 3846 non
777 3773 894 3847 habet.
946 3775 1003 3847 Sic
1046 3798 1178 3868 angues
1203 3797 1341 3869 quoque
1367 3780 1402 3845 et
1426 3771 1504 3845 alae
1530 3771 1641 3844 eidem
1664 3769 1772 3866 capiti
1798 3776 1833 3841 et
1857 3765 1939 3840 addi

285 3893 433 3982 possunt
459 3898 493 3959 et
519 3887 621 3961 demi.
668 3891 816 3984 Angues
841 3897 971 3985 tamen,
998 3891 1145 3963 diversis
1170 3891 1282 3962 modis
1308 3890 1481 3986 dispositi,
1508 3888 1684 3985 propriam
1710 3886 1842 3958 habent
1862 3908 1942 3980 cog·

284 4002 475 4097 nationem,
503 4004 678 4076 interdum
704 4005 849 4078 minime
875 4006 1005 4101 laxam,
1032 4006 1091 4079 sed
1117 4006 1204 4101 alae,
1240 4014 1280 4079 ut
1306 4006 1476 4102 quaedam
1503 4004 1656 4077 crinium
1682 4003 1938 4099 dispositiones,

284 4124 385 4189 tanta
422 4119 458 4189 vi
498 4127 611 4191 toturn
653 4121 856 4218 adspectum
890 4130 1030 4194 mutant
1065 4130 1115 4219 ut,
1143 4124 1266 4196 ceteris
1293 4124 1397 4195 rebus
1424 4147 1534 4219 paene
1560 4119 1741 4217 neglectis,
1770 4143 1843 4192 non
1869 4118 1939 4191 nisi

282 4233 340 4307 his
365 4235 409 4307 ad
435 4244 575 4331 gentem
600 4239 883 4311 constituendam
908 4264 993 4312 usus
1020 4239 1099 4311 sim.

335 4351 509 4426 Omnibus
548 4355 613 4427 boc
651 4355 752 4427 modo
791 4356 1006 4451 genealogiis
1044 4362 1205 4429 accurate
1244 4355 1435 4454 discriptis,
1463 4356 1592 4429 cursim
1620 4361 1730 4427 totam
1757 4351 1939 4424 materiam

283 4467 564 4565 synchronistice
602 4472 735 4544 iterabo
771 4480 807 4545 et
841 4496 920 4545 cum
963 4474 1006 4545 iis
1032 4481 1215 4546 auctorum
1241 4473 1327 4545 locis
1353 4497 1559 4570 componam
1587 4495 1605 4543 e
1631 4470 1761 4567 quibus
1787 4467 1872 4561 quid
1897 4466 1940 4538 de

283 4586 409 4684 capitis
435 4593 562 4658 natura
595 4595 658 4659 aut
683 4589 725 4660 de
751 4589 898 4661 diversis
924 4588 1065 4662 fabulae
1090 4589 1228 4662 actibus
1254 4587 1432 4662 enucleari
1459 4594 1585 4686 potest.
1637 4586 1692 4658 De
1716 4581 1837 4655 sabula
1863 4582 1940 4678 ipsa

283 4727 356 4776 non
382 4704 451 4775 nisi
478 4704 608 4801 passim
633 4707 700 4800 egi.
751 4704 874 4778 Aliam
900 4707 994 4778 enirn
1022 4731 1095 4780 rem
1121 4730 1186 4801 ago
1213 4713 1255 4779 ut
1279 4706 1366 4780 satis
1391 4704 1587 4802 apparebit.

335 4819 481 4891 serioris
506 4844 643 4916 quoque
668 4821 793 4894 aetatis
819 4845 947 4916 genera
973 4823 1103 4920 raptim
1127 4845 1339 4920 percurram,
1375 4821 1585 4916 antiquioris
1618 4819 1695 4891 aevi
1724 4816 1842 4888 omnia
1869 4816 1937 4888 col-

322 5091 343 5162 1)
365 5089 448 5148 Initio
468 5089 553 5148 series
572 5087 656 5162 poulo
676 5089 768 5147 miuus
787 5089 894 5167 amplas
914 5089 975 5150 feci.
996 5089 1099 5148 Melius
1119 5090 1202 5148 series
1224 5093 1252 5152 1,
1272 5094 1302 5151 2,
1321 5090 1341 5144 8
1361 5088 1470 5166 generis
1490 5090 1537 5148 111
1556 5087 1585 5146 iu
1606 5105 1691 5145 unam
1710 5085 1811 5144 seriem
1825 5084 1941 5143 diversis

283 5182 384 5242 litteris
403 5183 578 5260 redegissem.
600 5183 707 5241 Erroris
726 5178 849 5241 evitandi
869 5203 963 5256 causa,
983 5203 1042 5242 rem
1062 5190 1094 5242 ut
1113 5188 1171 5241 erat
1190 5183 1301 5261 reliqui.

1711 5273 1751 5345 1.
