4808 6390
1176 656 1221 725 15

466 879 591 975 fronte,
618 881 705 954 crin.
732 880 870 977 divisis,
898 882 1017 956 barba.
1055 883 1097 955 ln
1125 884 1238 956 medio
1264 882 1373 976 cylice
1399 882 1500 976 nigro
1527 904 1628 977 purp.
1657 880 1720 950 lin.
1748 902 1839 950 scr:
1868 876 2029 950 Gerhard

467 998 655 1071 Trinksch.
684 1001 755 1072 tab.
784 1000 861 1084 tlh:
889 1009 1035 1074 externa
1060 1009 1159 1099 parte
1185 1002 1243 1096 fig.
1271 1002 1363 1096 nigr.
1392 1025 1491 1098 purp.
1517 999 1581 1072 lin.
1596 1022 1661 1071 sor.
1679 998 1718 1069 in
1736 997 1827 1081 albo,
1843 1022 1914 1092 rep.
1942 996 2030 1068 Tar·

467 1116 598 1211 quiniis
636 1139 731 1188 nune
757 1118 935 1213 Berolini;
975 1120 1066 1190 hlus.
1095 1119 1333 1213 Lugdunense
1359 1119 1408 1191 ΙΙ.
1437 1121 1546 1204 1622,
1574 1115 1661 1190 coll.
1689 1116 1852 1189 Canino:
1881 1122 2029 1186 externa

466 1239 564 1329 parte
589 1232 749 1305 Bacchus
777 1233 870 1305 inter
896 1234 983 1307 duos
1007 1234 1151 1332 oculos;
1177 1236 1272 1309 llus.
1299 1235 1379 1332 Lup
1423 1235 1501 1308 Cat.
1531 1235 1652 1329 Camp.
1678 1233 1745 1305 IV.
1774 1235 1865 1304 712:
1893 1237 1964 1303 ext.
1991 1255 2027 1327 p.

465 1356 604 1441 satyrus
642 1347 776 1421 saltans
811 1350 903 1422 iuter
929 1350 1015 1423 duos
1042 1352 1180 1444 oculos;
1218 1355 1314 1423 Ann.
1343 1351 1427 1423 (1011ι
1454 1351 1542 1422 inst.
1573 1348 1767 1422 1882101).
1795 1348 1825 1420 P
1854 1353 1910 1419 11.
1936 1345 2029 1440 frag-

466 1467 1193 1562 memffifflwm

517 1581 708 1654 Postremis
735 1583 860 1655 horum
886 1592 978 1657 certe
1003 1587 1219 1681 antiquiores
1245 1588 1410 1660 videntur

369 1718 377 1742 ⁶
468 1697 553 1794 Cap.
581 1697 756 1792 Gorgonis
783 1699 869 1794 ling.
896 1724 982 1793 exs,
1010 1702 1102 1774 rictu
1127 1704 1295 1797 maximo,
1323 1705 1417 1778 dent.
1446 1705 1545 1778 mult.
1572 1703 1642 1776 alb.
1670 1702 1808 1776 caninis
1821 1708 1856 1772 et
1873 1705 2029 1771 extremo

468 1836 525 1884 ore
559 1815 709 1910 magnis,
744 1824 861 1888 mento
896 1816 995 1890 nullo
1030 1819 1088 1890 sed
1124 1820 1244 1912 barba,
1283 1821 1391 1892 barba
1425 1845 1562 1917 quoque
1597 1820 1634 1891 in
1661 1820 1759 1892 labro
1785 1817 1961 1913 superiore
1988 1811 2028 1908 1),

467 1954 553 2002 naso
577 1930 743 2025 humane,
772 1933 882 2006 oculis
908 1935 1074 2033 obliquis,
1102 1937 1242 2032 punctis
1268 1939 1307 2009 in
1334 1938 1457 2022 fronte,
1484 1939 1572 2010 cino.
1600 1936 1828 2031 longioribus.

516 2048 627 2142 Nigro
664 2073 764 2147 purp.
793 2050 855 2125 liu.
883 2076 948 2125 scr.
976 2053 1014 2125 in
1040 2054 1153 2126 medio
1179 2055 1301 2151 cylicc.
1328 2056 1406 2128 Lau
1433 2054 1495 2129 Gr.
1523 2056 1570 2127 V.
1597 2056 1657 2126 tab
1686 2055 1743 2125 11.
1773 2051 1842 2124 ab.
1868 2050 1906 2120 in
1932 2048 2026 2121 Mus.

467 2164 681 2237 Monacensi.
722 2166 813 2238 Satis
853 2168 918 2240 hoc
955 2192 977 2241 a
1011 2172 1133 2242 ceteris
1159 2171 1225 2242 sub
1251 2177 1273 2241 2
1300 2171 1498 2244 memoretis
1524 2171 1643 2264 distat,
1670 2167 1868 2266 proximum
1895 2171 2024 2256 tamen,
2070 2172 2073 2177 ’

468 2305 545 2353 mea
571 2283 712 2377 quidem
737 2285 923 2380 sententia,
950 2286 993 2357 ad
1021 2294 1043 2359 d
1066 2295 1101 2358 et
1127 2298 1147 2361 tr
1173 2286 1316 2359 accedit.

370 2418 379 2443 ⁶
469 2398 554 2494 Cap.
595 2398 770 2492 Gorgonis
810 2401 897 2495 ling.
938 2426 1024 2497 exs,
1060 2403 1154 2475 dent.
1190 2403 1261 2476 alb.
1302 2403 1404 2475 mult.
1457 2410 1547 2475 extr.
1574 2426 1633 2475 ore
1658 2424 1793 2495 magn,
1819 2421 1906 2471 naso
1931 2394 2025 2469 ocul.

469 2515 748 2610 humanioribus,
775 2518 877 2613 eine,
903 2518 1013 2614 grad,
1040 2521 1160 2613 barba,
1188 2521 1282 2593 XIV
1308 2544 1388 2615 ang.

519 2632 630 2726 Nigro
657 2658 756 2730 purp.
785 2634 823 2705 in
849 2635 960 2730 cylioe
986 2637 1078 2709 inter
1103 2638 1190 2710 duos
1216 2637 1346 2711 oculos.
1373 2638 1451 2710 Lau
1478 2637 1540 2711 Gr.
1570 2637 1615 2711 V.
1643 2637 1703 2709 tab
1731 2636 1789 2707 18.
1820 2635 1913 2706 Mus.
1929 2632 2026 2704 Mon.

520 2749 618 2820 Licet
646 2751 755 2822 multo
782 2751 898 2824 minus
924 2754 1108 2848 antiquum
1136 2754 1193 2848 sit,
1220 2779 1291 2827 non
1313 2755 1404 2827 male
1417 2763 1625 2827 tamencum
1642 2763 1682 2829 2o
1697 2750 1889 2849 comparari
1902 2754 2026 2846 potest.

517 2868 724 2939 Proximum
748 2868 831 2941 huic
856 2894 875 2942 e
902 2871 994 2942 vasis
1020 2872 1136 2944 rubris
1162 2872 1221 2966 fig.
1249 2872 1375 2945 addam

468 2984 555 3082 Cap.
584 2984 760 3079 Gorgonis
786 2987 872 3080 ling.
900 3012 986 3083 oxs,
1013 2990 1107 3061 dent.
1135 3013 1248 3086 paru,
1275 2997 1366 3063 extr.
1395 3013 1453 3061 ore
1480 3013 1612 3085 magn,
1628 2982 2028 3076 nasooculishumanis,

468 3101 570 3193 cino,
604 3102 723 3191 barba,
765 3104 857 3176 binis
895 3105 940 3176 ab
976 3115 1124 3201 utraque
1149 3112 1248 3203 parte
1274 3130 1368 3201 ang,
1396 3107 1433 3178 in
1458 3107 1579 3201 aegide
1608 3107 1786 3179 Minervae
1812 3127 1902 3198 quae
1927 3100 2027 3173 adest

468 3217 615 3290 Herculi
640 3219 683 3290 ad
709 3229 850 3317 raptum
876 3222 1031 3318 tripodis.

518 3336 701 3432 Amphora
737 3339 831 3410 rubr.
872 3338 929 3432 fig.
970 3364 1126 3436 purpura
1173 3339 1366 3435 distinctis,
1414 3339 1582 3435 inscripta
1628 3349 2028 3416 aaaonrnererofirfir.

469 3450 578 3524 Klein
604 3456 637 3525 4.
665 3453 825 3527 Gerhard
851 3455 1039 3530 Trinlrsch.
1067 3457 1139 3530 und
1158 3457 1236 3531 oet.
1253 3459 1325 3530 tab.
1345 3459 1402 3530 19.
1420 3457 1512 3529 Mus.
1529 3454 1645 3527 Berol.
1665 3449 2027 3525 17340011.Canin0.

519 3566 613 3641 Satis
647 3569 794 3643 miratus
831 3596 908 3645 sum
945 3596 1001 3645 me
1027 3573 1115 3646 nihil
1142 3574 1208 3646 hcc
1234 3574 1415 3670 antiquius
1441 3572 1618 3645 invenisse
1644 3593 1792 3666 quocum
1820 3564 2029 3640 contulerim

471 3685 569 3757 illam
597 3687 736 3761 unicam
765 3688 1002 3763 Chalcidicam
1030 3690 1230 3785 Gorgonem
1257 3716 1312 3788 pg.
1344 3693 1388 3763 13
1406 3697 1646 3782 memoratam,
1665 3711 1755 3783 quae
1769 3682 2028 3783 proptertotius

469 3803 593 3899 eapitis
619 3805 832 3900 adspectum,
860 3815 1000 3905 propter
1028 3809 1248 3904 singularum
1275 3808 1427 3905 partium
1454 3808 1613 3898 formam,
1635 3805 1820 3902 praecipue
1833 3800 2027 3894 oculorum,

469 3922 744 4017 superciliorum,
784 3925 813 3995 si
855 3925 954 3997 modo
994 3926 1076 3999 licet
1115 3927 1257 3999 tabulae
1283 3925 1455 3999 Gerhardi
1489 3923 1803 4017 (Fliigelgestaltcn
1830 3921 1900 3994 tab.
1929 3922 1961 3991 2.
1992 3919 2028 4012 1)

471 4038 572 4110 fidem
599 4040 736 4133 habere,
764 4042 847 4113 huic
873 4044 1034 4139 proxima
1059 4045 1272 4117 recensenda
1298 4052 1360 4117 est.

520 4154 632 4250 Nigro
658 4180 759 4253 purp.
784 4158 846 4230 lin.
876 4182 941 4231 scr.
970 4161 1007 4231 in
1033 4161 1166 4258 scypho
1192 4162 1285 4233 inter
1310 4161 1397 4233 duas
1424 4160 1601 4258 sphinges.
1637 4159 1734 4230 Anu.
1766 4159 1860 4229 1839
1887 4154 1958 4227 tab.
1985 4152 2026 4225 P.

471 4270 580 4343 Arch.
607 4271 644 4344 Z.
673 4276 767 4344 1866
795 4274 865 4345 tab.
896 4275 1208 4371 906,a1iis100is.
1237 4279 1328 4351 Mus.
1356 4277 1571 4349 Hauniense.

521 4389 605 4460 Tria
642 4393 803 4488 exempla
836 4417 855 4465 e
889 4396 982 4467 vasis
1015 4397 1106 4490 nigr.
1147 4397 1205 4491 fig.
1247 4409 1435 4493 supersunt
1474 4419 1622 4491 quorum
1662 4395 1730 4467 duo
1757 4393 1850 4465 inira
1876 4391 1941 4463 suh
1968 4396 2027 4470 60”

471 4511 506 4576 01
541 4508 604 4577 oi?
629 4510 658 4601 2)
693 4509 819 4581 melius
853 4512 1049 4607 recensebo,
1086 4514 1227 4585 tertium
1263 4512 1437 4602 (Gerhard
1463 4514 1508 4584 A.
1538 4512 1581 4584 V.
1611 4513 1694 4583 217.
1723 4513 1772 4597 4.)
1799 4507 1914 4580 adhuc
1941 4508 2028 4580 mihi

472 4623 703 4718 suspiciosum
728 4626 876 4699 videtur.

410 4932 434 4997 ¹)
453 4927 576 4987 Unicum
597 4930 666 4989 mihi
687 4939 784 4991 notum
804 4937 974 5013 exemplum,
996 4956 1060 4994 nam
1080 4941 1165 5012 caput
1183 4936 1323 5013 Gorgonis
1342 4936 1418 5013 quod
1439 4936 1536 5005 fertur,
1557 4936 1585 4993 in
1606 4935 1771 5012 pulcerrima
1791 4934 1926 5014 amphora
1941 4934 2027 5011 nigris

372 5023 417 5096 fig.
447 5021 476 5079 in
506 5024 580 5082 Mus.
611 5025 682 5102 Lup.
713 5028 785 5088 coll.
810 5030 906 5107 Oamp.
934 5030 984 5090 IV.
1007 5032 1071 5099 788,
1103 5036 1186 5106 caput
1206 5035 1248 5088 est
1267 5029 1353 5088 Sileni
1372 5029 1523 5108 dentesque
1543 5031 1591 5108 qui
1611 5030 1693 5088 hodie
1712 5035 1870 5108 spectantur
1888 5049 1944 5088 non
1963 5035 2027 5088 sunt

408 5115 430 5172 ti
470 5116 489 5174 i.

372 5135 524 5283 ίιιι’11111160
544 5210 573 5270 iu
594 5212 707 5273 familiis
728 5218 806 5278 8,9,
826 5221 879 5286 10,
901 5217 936 5275 ad
957 5217 1117 5276 nummulos
1136 5218 1327 5292 Massiliaeff).
