4808 6390
1318 641 1365 713 80

512 859 618 926 etex
643 863 781 952 metopa
807 855 936 929 Heraei
964 855 1154 930 Selinuntii
1181 857 1380 948 (Benndorl
1402 856 1473 928 tab.
1505 856 1563 941 10)
1589 877 1678 950 quac
1704 852 1807 925 hodie
1831 875 1968 948 quoque
1993 852 2171 949 Gorgonis

515 969 630 1067 capite
667 979 799 1043 carent.
851 972 888 1045 si
922 973 1032 1068 igitur
1058 973 1198 1046 nullum
1224 975 1425 1074 exemplum
1454 971 1604 1066 exsistit,
1631 969 1811 1042 Pisistrati
1836 975 1951 1042 aetate
1976 968 2169 1066 antiquius,

516 1084 606 1179 quod
634 1093 752 1158 tamen
778 1111 978 1161 asseverare
1003 1113 1076 1161 non
1101 1089 1227 1184 ausim,
1255 1115 1374 1164 nonno
1400 1090 1475 1163 fieri
1502 1090 1619 1186 potuit
1644 1095 1684 1158 ut
1711 1085 1866 1158 Homero
1891 1085 2045 1181 taudem,
2059 1085 2170 1159 Pisis·

515 1202 599 1274 trati
626 1225 721 1298 eura,
747 1204 968 1301 pervulgato,
996 1206 1147 1279 artifices
1170 1209 1222 1279 sic
1247 1209 1406 1303 aegidem
1431 1230 1557 1280 ornare
1580 1205 1784 1301 coeperint?

564 1319 622 1393 Ex
648 1320 806 1418 Odyssea
831 1322 874 1394 de
899 1330 975 1394 arte
1001 1322 1091 1394 nihil
1120 1324 1233 1396 disces
1261 1325 1329 1397 nisi
1357 1323 1473 1397 verbis
1498 1320 1615 1394 Ulixis
1641 1321 1680 1392 in
1705 1320 1862 1393 Naeuia:

514 1435 579 1510 Od.
606 1438 665 1511 XI
693 1442 763 1513 633
1215 1437 1277 1529 ἐμὲ
1300 1433 1340 1509 δὲ
1363 1437 1516 1531 χλωρὸν
1543 1431 1629 1516 δεός
1655 1436 1742 1528 ῂρει,

845 1561 897 1644 μη
922 1582 991 1647 μοι
1018 1562 1201 1654 Γοργείην
1225 1559 1391 1651 κεφαλὴν
1415 1555 1560 1632 δεινοῖο
1584 1559 1751 1648 πελώρου

843 1666 881 1749 ἐξ
903 1662 1044 1752 ’Ἄϊδος
1067 1672 1250 1762 πεγιφειεν
1274 1673 1397 1764 ἀγαυὴ
1422 1670 1699 1763 Περσεφόνεια,

510 1775 564 1846 uti
601 1776 689 1850 velis
727 1777 771 1850 ad
814 1779 1064 1876 explicandum
1103 1782 1187 1876 quid
1226 1783 1294 1854 sibi
1333 1783 1419 1855 velit
1457 1783 1555 1855 canis
1589 1782 1650 1854 ille
1688 1781 1727 1852 in
1766 1780 1980 1877 sarcophago
2022 1778 2165 1877 Cyprio,

509 1915 568 1988 pg.
599 1895 643 1966 13
671 1894 718 1967 N.
749 1897 769 1967 6
797 1904 1001 1990 memorato,
1041 1921 1191 1992 eumque
1230 1899 1420 1972 Cerberum
1448 1923 1522 1971 esse
1547 1897 1759 1996 perhibebis.
1804 1896 1872 1970 sed
1895 1920 1975 1968 cum
2002 1902 2077 1968 tota
2102 1894 2168 1968 illa

506 2019 682 2107 postrema
720 2013 877 2087 Naeuiae
902 2039 984 2111 pars
1010 2015 1073 2087 vix
1099 2015 1245 2088 Homeri
1272 2016 1329 2111 sit,
1366 2040 1446 2088 cum
1473 2014 1639 2088 Herculis
1665 2013 1797 2088 mentio
1822 2012 1998 2111 procedat,
2025 2021 2165 2086 etcum

506 2150 578 2199 non
605 2129 675 2202 nisi
700 2130 807 2204 simul
836 2155 916 2203 cum
944 2131 1099 2205 Hercule
1126 2132 1243 2229 Gorgo
1270 2134 1363 2231 apud
1389 2133 1519 2205 inferos
1546 2141 1757 2205 memoretur
1783 2130 1879 2225 (vide
1904 2128 2161 2227 Apollodorum

505 2243 591 2316 bibl.
631 2246 682 2318 II.
711 2250 744 2319 5.
774 2249 820 2320 12
863 2255 898 2320 et
936 2248 1104 2322 loannem
1145 2251 1227 2323 Ped.
1265 2251 1307 2323 de
1345 2251 1451 2324 Herc.
1478 2250 1549 2323 lab.
1575 2249 1679 2344 XII),
1707 2247 1800 2321 hanc
1825 2246 1981 2319 fabulam
2007 2246 2050 2319 de
2075 2245 2165 2320 Gor·

504 2382 594 2453 gone
619 2362 712 2458 apud
738 2362 869 2437 inferos
894 2388 939 2436 ex
964 2363 1173 2438 Heraclet'de
1198 2365 1348 2461 quadam
1375 2365 1521 2438 fluxisse
1546 2365 1716 2462 suspicor.

555 2475 650 2550 ldem
677 2477 739 2551 ille
765 2480 1015 2577 sarcophagus,
1041 2485 1102 2575 qui
1127 2494 1245 2553 tamen
1272 2483 1389 2555 seculo
1414 2481 1450 2553 V
1475 2482 1656 2578 antiquior
1683 2505 1755 2554 non
1781 2504 1857 2553 esse
1884 2502 1985 2576 posse
2011 2477 2159 2574 videtur,

504 2594 654 2690 primam
680 2597 825 2692 praebet
849 2597 1041 2692 imaginem
1067 2597 1220 2694 duplicis
1245 2614 1367 2696 partus
1393 2597 1561 2671 Medusae
1587 2622 1691 2694 quem
1718 2597 1853 2694 primus
1867 2594 2025 2668 narravit
2043 2593 2164 2668 Hesio-

502 2711 569 2783 dus
595 2711 634 2783 in
660 2711 887 2808 Theogonis:

503 2852 538 2899 v.
566 2828 639 2899 280
782 2836 851 2912 της
875 2820 977 2896 δ’ότε
1005 2820 1050 2911 δὴ
1075 2826 1248 2919 Περσεύς
1270 2827 1437 2918 κεφαλὴν
1460 2821 1811 2920 ἀπεδειροτόμησεν,

780 2937 960 3030 ἐξέθορε
983 2937 1204 3030 Χρυσάωρ
1227 2963 1264 3006 τε
1288 2942 1411 3032 μέγας
1434 2941 1502 3008 καὶ
1527 2939 1746 3032 Πήγασος
1769 2937 1893 3019 ἵππος.

552 3054 768 3150 Antiquiora
807 3057 892 3124 sunt
926 3050 1090 3148 exempla
1124 3051 1233 3146 necis,
1271 3051 1425 3148 primum
1450 3060 1505 3124 est
1530 3051 1568 3123 in
1595 3059 1734 3149 metopa
1760 3050 1959 3124 Selinuntia
1985 3060 2068 3124 ante
2091 3074 2162 3124 me·

501 3173 599 3245 dium
624 3171 680 3243 VI
706 3170 875 3262 seculum,
903 3168 956 3239 lll
984 3175 1028 3241 8a
1053 3190 1113 3264 pg.
1142 3169 1192 3239 29
1220 3175 1255 3239 et
1282 3169 1340 3263 30,
1367 3192 1457 3263 quae
1482 3191 1545 3264 per
1571 3167 1749 3264 prolepsin
1764 3167 1938 3261 Pegasum
1952 3167 2023 3240 iam
2035 3174 2160 3239 natum

500 3288 618 3361 habet.
645 3287 704 3359 Ab
729 3309 769 3358 eo
794 3291 912 3358 aetate
938 3308 1010 3356 nou
1036 3283 1191 3356 multum
1217 3284 1401 3357 differebat
1426 3283 1609 3375 Περσέως
1623 3280 1667 3352 τὸ
1685 3280 1799 3377 ἔργον
1824 3284 1870 3352 τὸ
1893 3280 1932 3363 ἐς
1947 3275 2162 3355 Μέδουσαν

503 3405 541 3477 in
567 3403 693 3476 throno
718 3401 900 3500 Apollinis
926 3401 1115 3498 Amyclaei
1140 3427 1162 3474 a
1186 3401 1361 3498 Bathycle
1400 3403 1584 3499 Magnesio
1610 3406 1702 3476 lacto
1727 3403 1848 3497 (Paus.
1873 3401 1939 3474 lll.
1968 3404 2012 3475 18
2039 3405 2059 3498 ξ
2087 3404 2160 3492 11).

503 3521 708 3616 Sequuntur
732 3542 819 3591 vasa
847 3518 940 3613 nigr.
966 3518 1027 3613 fig.
1054 3517 1114 3590 III
1139 3519 1196 3611 δᾶ,
1226 3528 1276 3613 le,
1303 3543 1361 3615 pg.
1391 3522 1446 3614 12,
1474 3521 1603 3615 quibus
1629 3518 1825 3614 Oeuochoe,
1851 3519 1896 3591 ab
1920 3518 2042 3591 Amasi
2064 3518 2160 3616 picta

502 3637 627 3732 (Klein
653 3640 702 3730 4),
730 3658 839 3730 quam
866 3635 1023 3708 multum
1048 3659 1104 3707 me
1130 3659 1203 3707 non
1230 3635 1360 3708 vidisse
1385 3634 1496 3730 doleo,
1524 3636 1683 3709 addenda
1703 3642 1767 3706 est.
1794 3634 2025 3707 Haectamen
2040 3633 2159 3708 omnia

506 3754 653 3828 Hesiodi
692 3760 807 3826 aetate
848 3753 955 3848 longo
994 3735 1189 3825 recentiora
1226 3777 1301 3826 esse
1337 3778 1409 3826 non
1446 3755 1585 3827 miraris
1624 3755 1654 3826 si
1681 3754 1815 3847 cogitas
1840 3760 1977 3850 poetam
2001 3751 2060 3825 hic
2086 3775 2159 3826 non
2253 3780 2256 3785 ·

504 3881 617 3946 artem
641 3870 842 3945 discribere.
895 3869 1019 3965 Neque
1046 3869 1239 3965 quidquam
1265 3871 1417 3967 amplius
1442 3872 1485 3944 de
1510 3881 1585 3944 arte
1610 3895 1653 3943 ox
1683 3895 1723 3942 eo
1749 3869 1918 3967 proficies,
1953 3870 2093 3944 nisiex
2117 3893 2158 3944 eo

504 3987 727 4086 interpretari
766 3986 856 4059 velis
893 4010 957 4060 our
996 3990 1034 4058 in
1075 3994 1218 4081 cratere,
1256 3988 1352 4060 rubr.
1391 3987 1463 4085 fig,
1506 3989 1708 4083 recentiore,
1748 3986 1931 4082 Gorgones
1969 4011 2042 4060 una
2076 4011 2158 4060 cum

504 4106 672 4205 Neptuno
710 4105 825 4203 pictae
860 4105 944 4199 sint,
968 4130 1026 4201 pg.
1056 4106 1116 4198 60,
1142 4104 1186 4177 ad
1212 4127 1317 4199 quam
1344 4130 1416 4177 rem
1442 4129 1546 4178 versu
1574 4107 1645 4178 278
1671 4106 1723 4178 uti
1749 4105 1872 4201 possis.
1900 4102 1958 4199 (cf.
1986 4104 2157 4177 Levezow

502 4223 527 4295 l.
554 4222 578 4294 l.
606 4246 664 4320 pg.
692 4221 764 4292 203
791 4221 896 4315 sqq).

554 4340 689 4411 Auctor
715 4335 829 4433 Clipei
855 4334 1033 4431 Herculis,
1061 4358 1175 4430 quem,
1203 4336 1289 4408 artis
1315 4345 1526 4410 memoratae
1552 4336 1688 4409 ratione
1713 4335 1847 4431 habita,
1876 4335 1993 4408 seculo
2006 4341 2156 4409 exeunte

504 4455 580 4527 VII
607 4452 787 4551 scripsisse
823 4451 1004 4524 contendit
1036 4452 1092 4524 vir
1122 4452 1168 4528 el.
1203 4453 1384 4526 Loeschlre
1417 4454 1542 4548 (Arch.
1579 4452 1665 4524 Zeit.
1709 4452 1802 4524 1881
1830 4475 1887 4548 pg.
1917 4452 1979 4540 46)
2006 4458 2042 4523 et
2073 4473 2156 4525 aroa

503 4571 659 4670 Cypseli,
686 4568 950 4643 Corinthiorum
976 4568 1137 4664 Tyranni
1165 4571 1392 4663 (oar-629)
1419 4577 1501 4642 vota
1526 4594 1548 4642 a
1573 4566 1773 4666 Cypselidis
1796 4568 2024 4660 (oua-582)
2049 4565 2155 4639 simul

500 4686 675 4761 tractandi
701 4708 776 4757 esse
801 4683 978 4778 videntur,
1005 4683 1143 4755 etiamsi
1170 4684 1262 4756 inter
1287 4685 1374 4757 artis
1400 4709 1529 4780 genera
1555 4684 1726 4780 quaedam
1752 4683 1940 4755 intersunt.

502 4803 710 4902 Aspid.216
735 4799 775 4870 ἐν
799 4789 880 4884 δ’ἦν
907 4800 1074 4889 ἠϋκόμοο
1101 4800 1257 4885 Δανάης
1284 4806 1400 4883 τέκος,
1426 4800 1568 4870 ἱππότα
1594 4798 1819 4893 Περσεύς,

739 4914 816 4986 οὔτ’
843 4913 904 5005 ἄρ’
928 4915 1126 5007 ἐπιψαύων
1152 4917 1286 4998 σάκεος
1311 4917 1427 4990 ποσὶν
1453 4918 1538 4989 οὔθ’
1563 4918 1650 4998 ἑκάς
1676 4914 1807 4996 αὑτοῦ,

731 5035 865 5121 θαῦμα
889 5036 988 5126 με’γα
1015 5035 1284 5123 φράσσασθαι,
1308 5029 1384 5106 ἐπεὶ
1399 5029 1560 5125 -οόδαμῇ
1583 5031 1792 5125 ἐστήρικτο·

732 5145 807 5224 τως
830 5145 904 5237 γάρ
926 5170 1000 5235 μιν
1024 5143 1225 5234 παλάμαις
1252 5150 1351 5228 τεοξε
1375 5147 1510 5229 κλυτὸς
1536 5147 1788 5240 Ἀμφιγυήεις
