4808 6390
1202 614 1248 685 96

453 827 545 900 Besa
571 849 647 898 mas
671 849 746 898 esse
770 825 870 919 solet,
908 825 975 897 etsi
1000 825 1154 898 dubitari
1179 831 1293 921 potest
1319 831 1436 896 utrum
1463 824 1622 922 impubes
1647 848 1694 896 an
1722 831 1906 921 castratus,
1935 850 2057 899 verum

405 942 555 1016 feminae
580 965 718 1038 quoque
744 949 932 1015 occurrunt
957 941 1140 1035 imberbes,
1179 941 1317 1037 saepius
1342 940 1386 1013 ad
1413 964 1525 1014 mares
1550 941 1651 1014 dorso
1677 942 1824 1039 delixae,
1851 968 1930 1016 raro
1959 944 2055 1017 solae

402 1058 510 1149 (Mus.
536 1057 631 1151 Aug.
658 1056 906 1130 Taurinorum.
932 1055 1055 1128 Micali
1078 1055 1103 1128 l.
1130 1055 1155 1128 l.
1181 1057 1253 1128 tab.
1281 1057 1340 1129 50.
1368 1059 1390 1128 3
1416 1062 1451 1129 et
1475 1055 1600 1153 Pleyte
1625 1056 1650 1129 l.
1677 1056 1702 1129 l.
1729 1058 1801 1130 tab.
1828 1059 2057 1156 adpg.1es;

401 1175 496 1249 Mus.
521 1175 611 1247 Brit.
636 1174 762 1271 Pleyte
787 1174 811 1247 l.
838 1173 863 1248 l.
890 1180 916 1247 t.
942 1175 986 1247 ad
1012 1198 1070 1272 pg.
1100 1176 1191 1270 1483
1216 1175 1310 1247 Mus.
1337 1174 1429 1270 Lup.
1463 1173 1613 1269 Deville,
1640 1174 1735 1248 Hist.
1762 1176 1806 1248 de
1835 1176 1872 1249 la
1895 1176 2058 1250 Venerio

401 1291 472 1363 tab.
503 1294 571 1364 111
599 1296 645 1380 e).
672 1289 805 1379 Quidni
829 1290 916 1364 heco
941 1291 1006 1364 dee
1031 1291 1131 1364 Beset
1156 1297 1248 1363 esset
1271 1290 1418 1364 dicenda
1445 1313 1517 1363 non
1543 1290 1656 1364 video.

450 1406 542 1479 Besa
581 1406 731 1501 denique
763 1412 798 1478 et
836 1405 965 1501 Gorgo,
993 1406 1101 1479 simili
1127 1430 1232 1502 more,
1257 1407 1296 1479 in
1321 1407 1466 1479 aedibus
1491 1414 1554 1479 aut
1579 1404 1809 1502 supellectile,
1845 1406 2051 1503 praesertim

398 1522 503 1617 rasis,
536 1522 703 1595 ornandis
740 1531 967 1619 usurpantur,
1008 1523 1063 1596 vel
1089 1523 1197 1596 otiam
1221 1523 1261 1595 in
1288 1522 1399 1595 medio
1425 1522 1537 1618 clipeo
1563 1521 1689 1594 militis
1716 1522 1844 1594 Persae
1870 1522 1986 1594 incusi
2012 1521 2051 1593 in

397 1663 542 1712 nummo
563 1645 727 1734 argenteo
752 1639 930 1713 rarissimo
955 1639 1120 1734 (Imhool,
1146 1640 1245 1712 Mon.
1272 1639 1334 1712 Gr.
1362 1638 1434 1710 tab.
1461 1638 1505 1710 G.
1535 1639 1597 1732 14)
1622 1645 1728 1735 caput
1754 1638 1864 1711 Besae
1888 1638 2052 1715 occurrit.

448 1757 548 1845 Quod
575 1758 603 1829 si
630 1757 776 1829 unicum
801 1755 1003 1853 exemplum
1029 1763 1094 1852 est,
1121 1756 1156 1828 id
1182 1755 1278 1829 casui
1307 1753 1535 1826 tribuendum
1561 1753 1711 1826 ridetur.
1741 1752 1831 1825 Besa
1846 1753 1940 1826 enim
1960 1753 2052 1826 bello

399 1872 529 1967 gaudet
566 1879 607 1945 ut
646 1897 692 1946 ex
716 1873 861 1946 armatis
885 1873 961 1945 eius
986 1872 1201 1968 imaginibus
1225 1878 1329 1944 etex
1355 1870 1643 1967 inscriptionibus
1685 1869 1874 1967 Aegyptiis
1898 1876 2053 1967 apparet.

395 1986 593 2081 (Gorgones
618 2011 699 2059 cum
719 2011 921 2084 comparare
945 2010 1018 2060 non
1044 1987 1159 2081 liceat,
1186 1994 1310 2083 Κῆρες
1335 1985 1591 2082 comparandae
1617 1987 1727 2080 sunt).

445 2102 540 2176 Illud
566 2102 677 2198 igitur
701 2103 845 2175 omnino
871 2102 1062 2177 dolendum
1087 2109 1140 2176 est
1165 2125 1229 2175 nos
1254 2101 1370 2174 adbuc
1398 2102 1533 2175 nescire
1558 2125 1580 2175 a
1605 2100 1734 2196 quibus
1758 2102 1930 2199 Aegyptii
1955 2101 2053 2174 hunc

394 2217 498 2290 deum
535 2218 745 2316 acceperint,
798 2242 882 2292 nam
919 2219 1100 2316 Aegyptia
1137 2219 1273 2313 origine
1311 2242 1390 2290 eum
1430 2241 1502 2290 non
1539 2240 1614 2290 esse
1651 2240 1772 2289 omnes
1810 2217 2049 2289 consentiunt.

394 2328 502 2431 Apud
539 2358 620 2407 eum
657 2335 753 2407 enim
791 2334 973 2433 populum,
1013 2336 1043 2408 si
1084 2335 1169 2431 quid
1205 2332 1372 2407 hariolari
1405 2333 1575 2430 licuisset,
1611 2332 1837 2405 coniecissem
1874 2332 1962 2405 duos
1987 2332 2044 2406 vel

394 2450 513 2547 plures
538 2450 620 2523 deos
645 2474 820 2546 gorgoneo
845 2450 948 2523 vultu
974 2452 1083 2524 luisse
1108 2475 1127 2524 e
1152 2450 1282 2546 quibus
1308 2449 1446 2545 Graeci,
1472 2456 1513 2522 ut
1539 2448 1667 2544 solent,
1694 2448 1910 2521 muliebrem
1930 2448 2052 2544 elegis·

395 2573 483 2662 sent,
509 2567 681 2664 Aegyptii
707 2574 826 2639 autem
852 2565 1001 2639 virilem.
1030 2566 1098 2638 Sed
1122 2589 1249 2638 manus
1274 2565 1317 2638 de
1342 2565 1483 2638 tabula!

442 2681 495 2755 De
534 2683 670 2777 origine
712 2682 856 2777 quidem
893 2682 966 2777 egit
1002 2681 1058 2753 vir
1095 2682 1186 2754 doct.
1226 2681 1365 2776 Pleyte,
1393 2681 1431 2753 in
1455 2680 1578 2754 libello
1604 2679 1667 2753 illo
1692 2680 1901 2753 eruditionis
1926 2681 2045 2778 pleno,

391 2801 461 2873 iam
485 2824 588 2897 saepe
612 2807 814 2895 memorato,
841 2822 913 2871 non
939 2806 1059 2871 tamen
1086 2798 1249 2871 absoluta
1273 2797 1432 2892 quaestio
1447 2797 1587 2869 videtur
1600 2798 1767 2892 quoniam
1780 2797 2049 2892 antiquissimae

393 2915 566 3008 imagines
592 2938 671 2987 eum
693 2913 873 3008 fugerunt.
898 2914 981 2987 Non
1011 2937 1075 3008 ego
1101 2913 1301 2986 diiudicabo
1325 2936 1373 2985 an
1398 2908 1647 3007 antiquissima
1679 2911 1726 2984 sit
1738 2935 1828 3006 quae
1844 2913 2051 2986 adservatur

390 3031 428 3104 in
455 3032 578 3104 Museo
604 3030 798 3105 Oxoniensi
823 3030 871 3103 N.
899 3032 970 3103 627
998 3030 1025 3125 l)
1051 3029 1313 3125 (Wicdemann,
1340 3027 1470 3125 Egypt.
1497 3026 1624 3100 Gescb.
1651 3052 1709 3125 pg.
1726 3030 1824 3117 391).
1851 3028 1996 3103 Titulus
2013 3029 2046 3103 ei

393 3148 584 3245 inscriptus
615 3154 687 3222 est:
726 3144 1032 3244 Ro'-men·cbeper,
1070 3169 1138 3242 quo
1177 3152 1295 3218 tamen
1333 3167 1406 3216 non
1444 3168 1506 3217 rex
1535 3144 1727 3217 l'leotmose's
1752 3145 1812 3217 III
1840 3145 1936 3218 solus
1962 3169 2048 3220 usus

392 3273 457 3340 est.
495 3266 597 3340 Certe
637 3272 758 3339 tamen
796 3272 961 3363 tempore,
1000 3289 1022 3338 a
1061 3265 1137 3337 viro
1162 3264 1254 3337 doct.
1280 3263 1406 3359 Pleyte
1432 3269 1595 3358 tractato,
1623 3263 1825 3359 antiquiora
1851 3272 1936 3337 sunt
1961 3288 2047 3340 vasa

393 3407 510 3479 aurea,
536 3406 626 3478 quae
650 3382 725 3478 regi
751 3382 859 3456 Sctho
885 3380 979 3471 (Seli
1004 3382 1037 3470 Ι)
1062 3382 1108 3454 ab
1132 3382 1293 3477 Assyriis
1320 3381 1509 3475 (Balearic)
1535 3380 1683 3452 devictis
1709 3381 1920 3455 afferuntur.
1947 3381 2047 3456 Vasa

392 3505 509 3570 tamen
548 3522 589 3571 ea
620 3498 801 3594 Aegyptia
835 3497 910 3569 arte
943 3496 1037 3569 facta
1074 3496 1217 3591 dixeris,
1256 3519 1363 3592 quare
1402 3494 1442 3567 fit
1485 3500 1526 3567 ut
1550 3493 1619 3566 viri
1644 3495 1736 3568 doct.
1762 3495 1888 3592 Pleyte
1913 3497 2047 3570 coniec-

393 3620 520 3708 turam,
547 3637 655 3708 quam
679 3612 767 3686 mihi
793 3636 856 3710 per
881 3612 1018 3684 litteras
1041 3612 1327 3706 communicavit,
1354 3633 1443 3683 vaso
1469 3610 1535 3682 illo
1554 3611 1730 3707 praedam
1748 3611 1872 3682 esseio
1887 3613 2046 3710 Aegypto

378 3735 522 3822 sectam
547 3752 636 3825 quae
659 3728 872 3823 redderetur,
900 3728 962 3799 vix
988 3750 1130 3823 possum
1158 3727 1244 3822 quin
1269 3727 1425 3823 probem.

439 3846 574 3919 Tamen
599 3847 690 3919 Besa
716 3848 779 3919 vix
804 3869 960 3942 unquam
985 3868 1113 3917 corona
1140 3850 1216 3933 (aut
1240 3843 1379 3916 calatho
1387 3844 1418 3931 1)
1445 3865 1490 3914 ex
1516 3842 1653 3938 palmae
1677 3842 1784 3915 ramis
1810 3850 1873 3915 aut
1889 3845 2040 3941 passeris

391 3963 572 4037 Numidici
608 3963 734 4061 pennis
773 3969 878 4058 caret,
916 3986 987 4058 qua
1024 3962 1092 4034 viri
1117 3985 1255 4056 quoque
1280 3961 1318 4032 in
1346 3959 1412 4033 tali
1437 3983 1520 4032 vase
1545 3966 1718 4031 ornantur
1744 3960 1876 4049 (Weiss
1901 3962 1925 4033 l.
1952 3960 1977 4035 l.
2004 3959 2045 4034 lI

388 4080 447 4175 fig.
489 4083 559 4153 112
587 4085 620 4169 a)
657 4088 693 4152 et
729 4104 847 4176 quam,
885 4078 977 4174 quod
1015 4088 1121 4175 caput
1157 4078 1208 4150 roi
1234 4084 1288 4150 est
1312 4102 1396 4150 nam
1432 4077 1513 4149 inde
1538 4076 1613 4148 eius
1639 4076 1736 4171 origo
1762 4086 1916 4175 apparet,
1942 4078 2044 4152 miles

389 4195 562 4268 Hettaeus
587 4198 677 4290 gerit
700 4195 845 4291 (Weiss,
871 4193 895 4267 l.
923 4193 948 4267 l.
976 4194 1034 4289 fig.
1066 4196 1171 4266 ll3a
1194 4201 1230 4265 at
1255 4193 1401 4266 fortasse
1418 4195 1489 4265 110
1504 4192 1552 4281 b).
1580 4191 1678 4265 Idem
1693 4192 1782 4266 illud
1796 4201 2043 4268 ornamentum

389 4311 484 4408 apud
497 4311 646 4407 Cybeles
659 4311 782 4384 Gallos
794 4312 833 4383 in
847 4334 913 4382 usu
927 4309 1135 4381 remansisse
1149 4309 1289 4381 videtur
1303 4307 1501 4401 (Benndorl
1515 4307 1539 4380 l.
1555 4307 1602 4402 l.;
1627 4308 1751 4403 Zodga,
1766 4310 1988 4398 Basirelieri)
2001 4314 2042 4399 Β).

427 4600 449 4672 ¹)
469 4597 540 4655 llam
560 4596 631 4654 mihi
650 4597 803 4673 designarit
823 4596 865 4655 vir
883 4597 957 4667 doct.
977 4595 1170 4666 Wiedemanm
1194 4595 1236 4654 vir
1262 4602 1353 4654 autem
1374 4595 1408 4654 ol
1428 4595 1523 4671 Sayce‚
1544 4600 1665 4671 rogatus,
1686 4600 1786 4671 ectypa
1798 4593 1873 4651 misit
1885 4593 2039 4665 chausses,

390 4689 499 4767 egregio
517 4709 579 4748 cum
601 4708 666 4748 cura
684 4690 766 4748 lecta.

427 4783 534 4843 Tabula
554 4791 596 4841 est
616 4784 709 4842 votiva
729 4803 830 4862 parva3
851 4786 939 4843 Becco
958 4784 1053 4860 imago
1072 4781 1185 4841 sinistra
1203 4788 1253 4850 est,
1274 4781 1396 4840 brachiis
1414 4780 1551 4858 expansis
1573 4781 1608 4838 ad
1628 4786 1774 4858 utramque
1788 4800 1901 4839 menum
1914 4780 2040 4858 captivus

462 4897 496 4936 us
515 4896 574 4936 esse
593 4878 669 4935 videt
704 4923 711 4936 .

388 4879 461 5046 def?
468 4971 563 5046 Gorgo
583 4898 727 5048 nunqdlarm
746 4970 787 5029 sic
806 4976 930 5041 ornatur,
951 4970 1005 5030 nisi
1024 4970 1112 5030 orium
1131 4978 1234 5029 erectos
1254 4968 1401 5028 marmoris
1422 4967 1559 5045 Spartani,
1580 4968 1627 5026 111
1649 4975 1701 5037 5⁸,
1720 4987 1767 5044 pg.
1789 4970 1835 5037 16,
1855 4968 1933 5026 illius
1952 4986 2039 5026 orna-

386 5065 474 5124 menti
493 5065 657 5124 memoriam
677 5085 798 5124 servasse
817 5066 981 5126 contendere
1000 5065 1093 5136 velles,
1114 5065 1191 5144 quod
1212 5065 1259 5123 vix
1279 5064 1382 5123 liceret.
