4808 6390
412 2480 613 2548 Academicis
641 2479 759 2552 studiis
788 2481 856 2546 iam
879 2501 980 2567 paene
1004 2478 1173 2557 absolutis,
1198 2484 1299 2546 restat
1323 2486 1360 2545 ut
1383 2480 1510 2546 debitas
1532 2480 1657 2569 gratias
1685 2480 1726 2545 iis
1751 2480 1935 2566 persolvam
1958 2482 2017 2568 qui

366 2615 417 2659 me
452 2593 495 2658 ad
525 2591 632 2658 studia
664 2589 723 2657 illa
755 2591 978 2657 instruxerunt
1016 2596 1076 2656 aut
1111 2611 1169 2675 per
1203 2589 1311 2657 decem
1350 2592 1412 2657 hos
1447 2613 1552 2658 annos
1591 2591 1632 2657 ad
1671 2592 1774 2658 bonas
1809 2597 1896 2659 artes
1932 2593 2020 2660 viam

367 2706 602 2769 monstrarunt.

413 2812 500 2879 Ante
538 2835 650 2879 omnes
677 2811 760 2879 mibi
794 2816 905 2877 tamen
928 2815 977 2888 tu,
1010 2809 1117 2887 Pater,
1143 2811 1369 2877 memorandus
1392 2834 1436 2888 es,
1462 2813 1516 2877 cui
1543 2833 1639 2878 omne
1661 2812 1769 2898 siquid
1797 2833 1943 2898 uuquam
1968 2834 2023 2879 erc

366 2921 514 2999 referam,
553 2927 648 2989 tuum
682 2921 767 2989 enim
803 2926 862 2986 est.
909 2918 1080 3007 Ingenium
1115 2923 1207 2985 tuum
1244 2925 1277 2987 et
1311 2920 1524 2988 eruditionem
1564 2920 1697 2988 laudare
1731 2944 1798 2989 non
1835 2944 1943 2989 meum
1975 2928 2025 2989 est

367 3033 519 3114 officium,
556 3034 611 3100 sed
646 3055 720 3099 eum
758 3053 902 3101 amorem
941 3052 1005 3117 quo
1042 3052 1093 3097 me
1124 3052 1248 3116 semper
1271 3030 1425 3111 dilexisti,
1464 3054 1537 3100 eam
1573 3034 1716 3122 matiam
1739 3056 1805 3119 qua
1829 3033 1921 3100 omni
1944 3034 2026 3102 hora

366 3148 501 3229 paratus
531 3142 625 3209 luisti
655 3142 695 3208 sd
718 3141 922 3228 quaestiones
945 3162 1034 3207 meas
1057 3140 1275 3226 inquirendas,
1300 3143 1341 3208 ad
1364 3142 1586 3210 dubitationes
1612 3143 1791 3221 solvendas,
1828 3150 1936 3211 tacere
1959 3166 2026 3212 nou

367 3278 510 3341 possum.
557 3254 610 3321 Ad
642 3255 760 3322 haecce
783 3253 972 3340 praesertim
994 3252 1103 3319 studia
1127 3274 1179 3318 me
1202 3274 1296 3340 saepe
1319 3253 1518 3339 quotidianis
1548 3255 1616 3322 lere
1639 3253 1841 3321 sermonibus
1867 3255 1905 3321 de
1929 3276 2025 3321 uum·

367 3388 494 3434 morum
530 3367 655 3454 origine
690 3371 861 3450 aetateque
894 3364 943 3429 its
976 3362 1150 3430 instituisti
1182 3368 1219 3431 ut
1254 3364 1342 3431 haud
1378 3386 1452 3432 raro
1481 3371 1593 3432 utrum
1618 3385 1702 3450 quae
1726 3366 2024 3453 excogitaveramus

276 3560 278 3564 μ
367 3500 440 3544 mee
463 3500 506 3543 an
530 3482 589 3543 tua
611 3482 718 3544 essent
741 3475 906 3543 nescirem.
944 3512 988 3524 -
1023 3473 1094 3550 Qua
1118 3495 1152 3540 re
1175 3474 1299 3540 lactum
1324 3481 1372 3541 est
1396 3482 1433 3541 ut
1457 3475 1538 3541 mihi
1563 3474 1602 3541 de
1627 3474 1819 3564 Gorgonum
1842 3481 1950 3544 aetate
1974 3501 2025 3544 me

367 3610 441 3654 raro
465 3586 608 3654 aliorum
632 3586 802 3653 sententiis
826 3607 920 3650 usum
944 3606 1011 3650 esse
1034 3584 1201 3669 profitenti
1225 3585 1333 3651 eadem
1358 3585 1475 3652 accidit
1499 3584 1704 3675 negligentia
1727 3608 1810 3673 quae
1824 3586 1863 3653 de
1879 3585 2024 3673 Bithyna

368 3697 483 3763 lectica
507 3694 652 3776 Catullo,
677 3696 769 3763 cuius
793 3695 1000 3762 excusatione
1025 3699 1117 3761 utar:

752 3861 883 3940 Verum,
911 3865 1022 3927 utrum
1045 3860 1137 3926 illius
1161 3884 1204 3926 au
1226 3862 1301 3940 mei,
1325 3862 1404 3947 quid
1427 3863 1468 3928 ud
1491 3868 1570 3929 me?

750 3970 836 4037 Utor
858 3977 928 4037 tam
951 3971 1032 4036 bene
1055 3992 1154 4058 quam
1178 3970 1259 4036 mibi
1283 3993 1445 4057 pararem.
1469 4009 1516 4020 —

415 4133 605 4199 Manseruut
638 4139 748 4198 tamen
787 4134 991 4219 quaestiones
1027 4132 1205 4200 nonnullae
1236 4134 1414 4219 dequibus
1439 4157 1543 4222 neque
1570 4158 1630 4224 ego
1656 4141 1764 4202 tecum
1787 4137 1893 4203 iacere
1917 4140 2024 4223 potui,

370 4263 472 4327 neque
507 4265 613 4309 meam
645 4243 832 4329 opinionem
867 4244 929 4309 tibi
965 4244 1113 4329 probare,
1149 4243 1234 4330 quod
1270 4244 1331 4311 etsi
1355 4249 1389 4310 te
1411 4266 1480 4311 non
1506 4244 1642 4312 moleste
1664 4246 1746 4311 ferre
1770 4246 1849 4324 scio,
1873 4245 2028 4314 lectorem

370 4353 573 4419 admonitum
596 4352 704 4418 velim.

417 4465 507 4530 Inter
541 4487 596 4530 eos
631 4470 740 4531 autem
763 4467 820 4550 qui
844 4488 894 4532 me
917 4488 1053 4552 puerum
1077 4467 1254 4532 docuerunt
1278 4486 1345 4531 nou
1370 4465 1433 4531 nisi
1465 4471 1498 4531 te
1522 4465 1667 4544 nomino,
1697 4464 1892 4532 Doctissime
1915 4466 2029 4532 Donu-

370 4595 510 4653 smssnu,
546 4575 649 4661 patris
683 4575 835 4653 amicum,
874 4576 933 4661 qui
967 4598 1019 4642 me
1054 4598 1155 4661 usque
1189 4575 1229 4641 ad
1253 4575 1339 4641 huuc
1363 4575 1447 4641 diem
1476 4574 1612 4641 consilio
1638 4574 1825 4660 auxilioque
1850 4580 1907 4642 tuo
1932 4598 2027 4664 saepe

371 4686 536 4752 adiuvisti.

419 4796 534 4882 Neque
570 4796 598 4861 si
638 4818 705 4862 uon
741 4797 937 4862 nominatim
977 4817 1178 4874 aesomnes,
1202 4796 1318 4880 quiin
1342 4794 1513 4861 Athenaeo
1541 4793 1671 4861 lllustri
1695 4800 1728 4861 et
1752 4796 1787 4860 in
1811 4794 2031 4863 Universitate

372 4908 663 4975 Amstelodamensi
687 4931 724 4975 ac
747 4907 913 4975 Bonnensi
935 4908 1055 4994 quique
1079 4908 1115 4973 in
1139 4907 1272 4973 Publica
1295 4908 1446 4994 plastices
1469 4906 1588 4975 Schola
1614 4907 1808 4974 Academica
1831 4908 1955 4993 optime
1979 4910 2031 4974 iu·

372 5020 544 5085 stitutione
579 5024 686 5085 vestra
720 5019 760 5086 de
792 5041 843 5085 me
874 5019 983 5085 meriti
1007 5019 1095 5098 estis,
1135 5017 1276 5104 appello,
1308 5040 1359 5084 me
1382 5016 1597 5084 nibilominus
1624 5017 1779 5084 beneficia
1808 5021 1913 5083 vestra
1933 5022 2029 5105 grato

372 5130 480 5194 animo
512 5128 674 5195 recoluisti
697 5130 833 5195 credatis
856 5128 963 5194 velim.
