4808 6390
1182 615 1229 688 27

471 835 541 901 111.
568 827 707 900 Horum
733 834 851 902 autem
876 829 1044 924 postremi
1071 853 1222 925 quorum
1248 836 1387 928 tempus
1413 830 1577 903 norimus
1604 830 1765 927 inscripti
1791 830 2036 905 suntncmine

472 945 674 1021 Ariarathis
700 947 762 1041 qui
787 969 882 1019 anno
909 948 993 1042 322,
1020 970 1134 1021 11111
1160 955 1266 1020 natus
1293 946 1481 1020 LXXXII
1507 948 1683 1022 occubuit.
1712 951 1733 1024 7
1760 950 1897 1045 primus
1921 949 2029 1022 habet

471 1086 600 1137 nomen
634 1062 802 1158 civitatis,
830 1071 958 1136 temere
983 1069 1103 1136 tamen
1128 1069 1220 1137 essct
1245 1064 1417 1161 suspicari
1443 1064 1539 1138 velle
1564 1089 1609 1138 ex
1634 1064 1679 1138 iis
1704 1065 1808 1138 rebus
1835 1088 1925 1160 quas
1951 1089 2031 1139 nar·

471 1186 527 1252 rat
560 1178 762 1253 Macrobius
795 1178 874 1274 (Sat
907 1179 939 1253 I.
969 1182 1025 1255 11.
1054 1182 1120 1254 33:
1156 1181 1356 1279 Zopyrione
1389 1182 1514 1255 urbem
1551 1188 1779 1280 oppugnante
1805 1188 1913 1272 (anno
1940 1183 2031 1276 331)

472 1319 591 1370 servos
632 1319 708 1369 essa
745 1296 923 1391 liberatos,
950 1297 1128 1372 civitatem
1155 1297 1348 1397 peregrinis
1374 1298 1505 1394 datam,
1527 1297 1737 1393 tabulasque
1763 1296 1875 1371 factas
1901 1298 2028 1392 novas)

471 1422 557 1487 tunc
591 1413 743 1511 primum
781 1413 967 1488 liberatam
1003 1438 1077 1488 esse
1115 1415 1368 1513 rempublicam
1403 1439 1601 1511 nomenque
1626 1414 1760 1488 civium
1785 1414 1940 1488 nummis
1964 1414 2030 1488 im·

471 1531 637 1627 positum.

520 1649 574 1723 De
613 1654 767 1746 tempore
800 1655 918 1722 autem
954 1648 1160 1723 ultimorum
1199 1652 1222 1724 8
1260 1658 1295 1723 et
1339 1652 1361 1722 9
1400 1648 1495 1723 infra
1538 1649 1740 1745 ridendum,
1768 1655 2028 1722 1111111111

472 1767 598 1841 addam
638 1766 678 1838 in
723 1789 848 1839 aversa
884 1773 994 1863 parte,
1033 1766 1217 1841 simillima
1253 1790 1396 1841 aversae
1434 1767 1574 1840 stateris
1612 1767 1711 1841 aurci
1754 1765 1842 1857 (011,
1887 1766 2031 1841 Lemma

471 1884 534 1958 ΝΟ.
563 1883 649 1972 127)
674 1889 710 1954 11
734 1884 893 1977 argentei
919 1883 1028 1978 (Mus
1054 1883 1144 1956 Brit.
1172 1882 1250 1957 (lat.
1279 1883 1319 1956 ol
1340 1882 1477 1957 Thrace
1502 1908 1559 1980 pg.
1590 1885 1647 1958 11.
1664 1885 1700 1977 1)
1725 1882 1820 1955 nihil
1845 1883 2029 1978 essequod

472 2024 536 2073 nos
558 1999 743 2096 prohibeat
768 1999 956 2096 quominus
981 1999 1045 2072 hos
1071 2023 1233 2073 nummos
1259 1999 1319 2073 III
1345 2000 1463 2074 seculo
1488 2000 1739 2094 adscribamus,
1757 1998 1815 2071 hic
1833 1999 1927 2071 enim
1944 2005 2031 2073 tem·

470 2115 565 2213 poris
592 2115 749 2188 definitio
782 2115 820 2187 in
855 2115 1013 2210 catalogo
1047 2116 1163 2190 Musei
1195 2116 1393 2191 Britannici
1419 2117 1529 2190 firmis
1557 2116 1616 2190 rix
1643 2115 1773 2189 nititur
1799 2116 2028 2212 argumentis.

519 2231 718 2305 Redeamus
752 2231 796 2304 ad
834 2232 1036 2328 antiquiora
1074 2241 1110 2307 et
1148 2235 1289 2331 quidem
1322 2234 1368 2307 ad
1402 2233 1561 2307 bracteas
1599 2257 1735 2330 aureas,
1776 2233 1905 2330 quibus
1942 2233 2028 2307 olim

471 2354 585 2420 restes
621 2347 739 2419 ornari
774 2347 947 2444 solebant,
982 2372 1061 2422 cum
1088 2349 1169 2423 aliis
1195 2351 1300 2424 rebus
1325 2350 1382 2423 IV
1408 2350 1526 2424 seculo
1551 2349 1792 2445 adsignandis,
1819 2350 1858 2422 in
1883 2349 2032 2424 tumulis

470 2464 618 2561 Bospori
644 2463 845 2538 Cimmerici
871 2472 1038 2563 repertas.

371 2593 419 2660 6κ
469 2582 555 2680 Gap.
590 2581 767 2676 Gorgonis
803 2605 942 2656 summa
980 2583 1213 2659 similitudine
1251 2608 1331 2656 cnm
1370 2592 1383 2656 1
1423 2591 1459 2658 11
1496 2592 1533 2680 k,
1560 2585 1646 2681 ling.
1674 2609 1748 2659 exs.
1777 2608 1897 2678 parva,
1929 2584 2026 2657 dent.

471 2722 581 2796 parv,
607 2698 736 2791 inaur,
763 2698 852 2772 cinc.
879 2708 920 2772 ut
945 2701 988 2774 1²¹.

472 2821 506 2890 ti
533 2818 621 2891 Ant.
648 2816 682 2889 d.
708 2816 815 2913 Bosp.
844 2816 934 2891 cim.
962 2819 1033 2893 tab.
1059 2820 1119 2892 21.
1150 2819 1208 2892 17.

472 2935 557 3033 Gap.
586 2933 773 3030 Gorgonis,
800 2934 871 3008 fere
895 2936 999 3030 idem,
1026 2936 1157 3010 maiore
1181 2936 1289 3009 ctiam
1314 2960 1394 3010 cum
1420 2951 1445 3016 k
1471 2936 1715 3011 similitudine.

472 3056 506 3127 sl
532 3051 627 3125 XIV
653 3051 871 3148 exemplaria
896 3050 1170 3151 Gompte·rendu
1199 3053 1395 3127 1876111.
1424 3056 1458 3127 3.
1489 3055 1546 3126 11.

471 3169 558 3266 Gap.
585 3167 763 3263 Gorgonis
788 3167 860 3241 fere
884 3168 989 3265 idem,
1015 3169 1126 3242 nullis
1152 3169 1329 3244 dentibus.

472 3282 512 3362 bs
533 3288 552 3361 I
577 3293 612 3360 et
637 3286 694 3360 IV
718 3287 868 3384 exempl.
896 3285 1171 3385 Gompte-rendu
1201 3288 1294 3360 1877
1322 3286 1393 3360 tab.
1422 3288 1455 3361 3.
1485 3289 1544 3383 10,
1571 3287 1631 3360 20.

372 3402 426 3482 611
470 3404 556 3502 Gap.
584 3403 760 3499 Gorgonis
786 3403 871 3498 ling.
898 3426 972 3476 exs.
1001 3427 1133 3500 magn,
1168 3403 1262 3478 dent.
1299 3401 1403 3498 null,
1437 3401 2028 3497 111111111111111,11111111,

471 3521 531 3594 sed
556 3520 613 3593 IV
638 3543 723 3613 ang.
1165 3613 1167 3618 .

472 3641 506 3712 Al
532 3636 567 3708 V
593 3634 742 3733 exempl.
770 3634 1044 3732 Gompterendu
1071 3636 1166 3708 1877
1194 3633 1269 3706 tab
1301 3636 1335 3709 3.
1365 3636 1425 3707 21.

520 3753 617 3826 Huic
641 3752 779 3847 addam,
803 3752 887 3824 huic
912 3753 1008 3825 enim
1032 3752 1151 3826 minus
1177 3776 1283 3848 quam
1309 3751 1390 3826 aliis
1415 3749 1587 3824 dissimile
1611 3754 1665 3823 est

471 3870 557 3969 Gap.
597 3869 786 3965 Gorgonis,
824 3869 913 3964 ling.
949 3894 1024 3944 ers.
1064 3894 1205 3965 magna,
1241 3870 1334 3943 rictu
1359 3869 1444 3965 lato,
1470 3868 1510 3942 II
1534 3868 1630 3941 dent.
1660 3890 1779 3962 magn.
1806 3864 1917 3939 oculis
1943 3865 2026 3961 111,

470 3987 575 4060 inaur
596 3987 613 4058 ?
638 3986 727 4058 crin.
757 3987 867 4081 brev,
897 3986 1027 4059 circum
1056 3986 1197 4082 gradm.

471 4109 506 4180 sl
531 4102 803 4201 Gomptarandn
833 4104 1026 4176 1877111.
1056 4106 1089 4176 3.
1117 4105 1151 4176 9.

371 4216 417 4289 61
471 4221 557 4319 Gap.
597 4219 774 4315 Gorgonis
808 4220 880 4293 fere
911 4220 1004 4293 idem
1030 4229 1122 4316 111,
1148 4220 1236 4315 ling.
1264 4218 1433 4312 breviore,
1460 4216 1657 4315 superciliis
1681 4216 1822 4315 punctis
1848 4215 2023 4290 indicatis.

471 4340 602 4413 circum
626 4336 771 4411 monile.

471 4460 505 4530 lt
531 4455 625 4528 XIV
650 4454 800 4552 exempl.
828 4452 1100 4552 Gompte-rendu
1131 4452 1326 4525 1876111.
1356 4452 1391 4523 3.
1425 4451 1479 4523 10.

520 4571 680 4667 Cognata
704 4571 829 4644 deinde
854 4571 978 4644 seriem
1006 4568 1173 4643 efficiant:

370 4686 404 4757 61
468 4688 552 4786 Cap.
589 4686 765 4783 Gorgonis
798 4687 950 4783 quadam
985 4710 1066 4758 cum
1099 4686 1131 4754 i''
1156 4684 1399 4779 similitudine,
1427 4682 1514 4776 ling.
1542 4703 1616 4753 exs.
1645 4703 1766 4776 parva,
1795 4680 1910 4755 fronte
1936 4706 2026 4779 rug.,

471 4806 559 4878 crin.
585 4806 676 4878 med.
702 4804 773 4878 dir.
798 4805 959 4902 comptis,
975 4805 1020 4877 ab
1035 4810 1184 4898 utraque
1199 4810 1298 4900 parte
1310 4801 1403 4895 defi,
1417 4801 1457 4873 in
1471 4798 1563 4871 eollo
1576 4797 1713 4895 monili,
1727 4797 1825 4873 VIII
1838 4800 2026 4895 anguibus.

517 4920 712 4995 Duodecies
749 4927 785 4992 et
810 4919 984 5020 minutius
1006 4919 1135 4991 iterum
1159 4917 1343 4991 duodecies
1368 4916 1406 4989 in
1432 4922 1554 5013 patera
1578 4937 1695 4987 aurea.
1731 4914 1820 4987 Ant.
1847 4915 1895 4988 du
1925 4915 2026 5015 Bcsp.

469 5038 596 5112 Gimm.
624 5037 696 5112 tab.
725 5039 783 5110 25.

371 5154 409 5223 st
465 5155 592 5230 Olbiae
618 5177 786 5227 nummus
814 5156 835 5226 6
863 5159 1215 5251 supramemoratus.

1785 5267 1828 5338 4*
