4808 6390
1323 621 1371 693 82

559 822 696 896 Auctor
721 823 824 924 clipei
850 826 889 899 in
915 828 1040 925 proelii
1065 830 1296 930 discriptione
1320 834 1436 908 canit:

507 963 544 1013 u.
571 942 643 1013 248
885 950 1069 1014 ....αί
1091 939 1131 1016 δὲ
1154 946 1238 1037 μετ’
1261 946 1407 1032 αὐτοὺς
1429 953 1487 1039 (sc.
1511 951 1534 1016 l.
1558 949 1694 1040 μάχην
1715 944 1899 1040 ἔχοντας)

790 1060 946 1153 Κῆρες
968 1061 1141 1142 κυάνεαι,
1166 1060 1362 1146 λευκοὺς
1386 1060 1608 1158 ἀραβεῦσαι
1633 1056 1857 1148 ὀδόντας,

789 1162 1018 1242 διινωποί
1041 1170 1294 1264 βλοσυροί
1312 1199 1361 1256 τι,
1386 1168 1576 1265 δαφοινοί
1597 1173 1632 1244 τ’
1656 1173 1823 1261 ἄπλητοί
1844 1184 1895 1247 τε

789 1275 902 1378 δῆριν
925 1278 1019 1376 ἔχον
1042 1284 1125 1378 περὶ
1148 1285 1380 1360 πιπτόντων.

557 1395 753 1469 Pausanias
793 1396 936 1471 scribit:
975 1397 1036 1494 (V.
1079 1401 1137 1473 19.
1178 1401 1263 1495 §dl
1301 1404 1370 1470 τοῦ
1406 1397 1670 1482 Πολυνείκους
1718 1393 1760 1470 δὲ
1807 1399 1969 1473 ὄπισθεν
2017 1402 2172 1487 ἕστηκεν

509 1502 723 1593 ὀδόντας
746 1535 784 1580 τε
808 1508 961 1602 ἔχουσα
987 1507 1131 1585 οὐδὲν
1153 1515 1485 1605 ἡμερωτέρους
1510 1516 1685 1608 θηρίου,
1709 1519 1783 1587 καί
1805 1517 2171 1610 οίκαίτῶνχειρῶν

505 1619 608 1693 εἰσιν
632 1616 859 1711 ἐπικαμπεῖς
884 1627 925 1693 οἱ
946 1622 1100 1715 ὄνυχες·
1125 1623 1351 1719 ἐπίγραμμα
1375 1619 1416 1695 δὲ
1440 1623 1499 1695 ἐπ’
1525 1623 1620 1716 αὐτῆ
1645 1620 1753 1698 εἶναι’
1773 1651 1874 1716 φασι
1901 1629 2020 1719 Κῆρα,
2044 1650 2078 1697 κ.
2092 1623 2168 1696 τί,

556 1735 672 1808 Areae
698 1734 864 1829 imaginis
891 1734 1032 1808 nullum
1064 1736 1137 1808 vidi
1163 1737 1376 1835 exemplum,
1403 1737 1507 1836 clipei
1533 1739 1689 1834 unicum,
1716 1739 1777 1812 III
1803 1739 1859 1835 23,
1886 1763 1946 1837 pg.
1975 1740 2033 1835 12,
2056 1762 2170 1833 neque

509 1849 599 1924 illud
624 1850 694 1923 nisi
721 1851 834 1924 obiter
862 1853 1057 1950 comparari
1083 1860 1209 1950 potest.
1244 1855 1378 1927 Verum
1406 1855 1559 1953 primum
1585 1854 1644 1928 hic
1670 1856 1792 1930 dentes
1818 1862 2058 1930 memorantur
2083 1880 2170 1952 quos

506 1969 579 2042 iam
612 1968 651 2040 in
682 1968 940 2065 antiquissimis
976 1970 1238 2067 exemplaribus
1271 1971 1504 2069 comperimus
1539 1979 1585 2067 et,
1621 1973 1713 2068 quod
1750 1979 1856 2070 caput
1880 1973 1931 2046 rei
1957 1977 2020 2068 est,
2048 1973 2170 2063 Κῆρες

508 2085 594 2182 ipsis
640 2084 834 2180 iisdemque
875 2085 993 2158 verbis
1039 2108 1081 2158 ao
1120 2085 1304 2181 Gorgones
1343 2088 1588 2160 discribuntur
1615 2090 1654 2180 1).
1697 2089 1848 2167 Accedit
1887 2089 2035 2162 fortasse
2060 2083 2169 2179 Ἔρις

501 2199 698 2291 αἰσχίστῃ
724 2199 768 2269 τὸ
792 2193 896 2281 εἶδος
929 2202 1050 2290 (Paus.
1076 2201 1102 2276 1.
1129 2201 1153 2276 l.
1180 2203 1200 2298 ᾗ
1228 2205 1264 2297 2)
1290 2212 1325 2277 et
1352 2212 1447 2276 certo
1473 2204 1604 2279 Furiae
1628 2207 1721 2303 apud
1748 2205 1980 2302 Aeschylum,
2009 2213 2050 2278 ut
2075 2205 2169 2278 infra

505 2318 715 2414 videbimus,
756 2342 846 2415 quae
883 2326 1003 2392 tamen
1037 2319 1105 2392 alis
1141 2329 1274 2394 carent.
1320 2322 1450 2410 Κῆρας
1483 2330 1546 2395 aut
1571 2322 1682 2396 Erida
1706 2322 1751 2396 iis
1777 2346 1916 2419 quoque
1941 2322 2097 2396 caruisse
2122 2346 2166 2395 ex

509 2436 720 2534 scriptorum
746 2435 888 2509 silentio
915 2436 1047 2509 nollem
1075 2438 1244 2511 deducere
1269 2439 1362 2533 quod
1388 2463 1502 2535 neque
1527 2440 1573 2513 ab
1598 2446 1740 2513 auctore
1767 2439 1872 2536 clipei
1898 2439 2074 2534 Gorgonis
2090 2437 2167 2512 alae

505 2559 757 2625 memorantur.
796 2551 834 2625 Si
875 2552 941 2625 tibi
981 2560 1100 2626 tamen
1139 2554 1284 2626 omnino
1323 2553 1486 2651 exemplo
1525 2578 1612 2653 opus
1651 2561 1715 2651 est,
1743 2579 1788 2628 en
1814 2555 1875 2628 ΙΙΙ
1905 2560 1957 2651 la,
1984 2580 2041 2652 pg.
2071 2557 2105 2651 8,
2131 2561 2167 2628 et

506 2670 547 2743 H
574 2679 628 2767 la,
662 2693 720 2766 pg.
749 2671 782 2743 l.
827 2669 1005 2767 Metopam
1040 2669 1278 2743 Selinuntiam
1317 2671 1377 2743 III
1403 2677 1463 2768 Sa,
1498 2696 1555 2769 pg.
1584 2674 1643 2768 29,
1679 2672 1746 2745 tibi
1783 2696 1855 2745 non
1882 2671 2045 2767 concedo,
2073 2670 2165 2767 quod

508 2787 587 2884 alis,
613 2787 684 2860 nisi
707 2786 824 2885 pictis,
850 2787 889 2858 in
915 2811 957 2860 ea
982 2786 1080 2860 locus
1106 2810 1179 2858 non
1204 2794 1291 2859 erat.

557 2904 621 2978 Sin
660 2927 743 2976 vero
777 2927 880 2999 rogas
912 2927 999 2975 num
1023 2910 1163 3000 praeter
1187 2909 1421 2975 memoratum
1446 2902 1647 2999 exemplum
1674 2901 1797 2975 nullae
1823 2901 1967 2975 illarum
1993 2901 2165 2996 imagines

506 3020 712 3116 superstites
748 3019 831 3116 sint,
866 3018 1105 3114 ignorantiam
1137 3020 1312 3116 profiteor.
1364 3020 1493 3094 Moneo
1520 3027 1639 3093 tamen
1665 3020 1804 3093 nullam
1830 3045 1906 3094 esse
1933 3044 2076 3094 causam
2102 3044 2165 3094 cur

507 3138 645 3234 integra
670 3136 794 3231 figura,
821 3137 936 3234 capite
961 3160 1151 3232 gorgoneo,
1178 3160 1269 3233 quae
1295 3160 1460 3210 nonaum
1476 3138 1604 3212 Perseo
1622 3144 1900 3236 componeretur,
1915 3138 2164 3236 Gorgopotius

501 3279 609 3351 quam
646 3253 739 3348 Κῆρ,
773 3253 857 3326 Eris
891 3261 953 3326 aut
984 3254 1094 3326 Furia
1128 3258 1231 3326 esset.
1266 3253 1348 3326 Eris
1384 3260 1504 3327 tamen
1538 3252 1727 3346 αἰσχίστη
1751 3255 1796 3324 τὸ
1820 3247 1936 3352 εἶδος,
1972 3262 2007 3328 et
2033 3256 2063 3328 si
2089 3260 2163 3330 veri

501 3372 616 3447 simile
641 3378 695 3444 est
720 3394 797 3444 eam
823 3379 931 3468 caput
955 3393 1169 3466 gorgoneum
1206 3369 1382 3465 habuisse,
1409 3371 1484 3444 fieri
1509 3378 1624 3468 potest
1650 3377 1691 3443 ut
1718 3395 1789 3444 non
1814 3372 1918 3445 aliter
1943 3372 2039 3470 picta
2057 3372 2164 3447 luerit

500 3515 607 3588 quam
644 3480 814 3568 Ἀδικία,
838 3488 932 3582 γονὴ
957 3485 1109 3579 αἰσχρά
1142 3488 1263 3576 (Paus.
1290 3486 1315 3560 l.
1342 3487 1367 3561 l.
1397 3490 1442 3560 18
1468 3490 1488 3583 ᾗ
1515 3492 1563 3583 2),
1599 3489 1700 3562 ouius
1736 3488 1854 3584 imago
1881 3489 1994 3586 turpis
2021 3490 2162 3585 quidem

498 3607 560 3680 sed
600 3605 700 3679 nullo
733 3605 836 3678 modo
871 3604 1060 3697 Gorgones
1095 3610 1212 3677 exstat
1247 3603 1387 3697 (Nuove
1426 3604 1597 3678 Memoria
1621 3604 1703 3676 dell'
1732 3605 1822 3677 Inst.
1850 3604 1921 3677 tab.
1948 3607 1983 3678 4.
2009 3607 2058 3699 4).
2110 3605 2164 3678 De

505 3722 636 3818 Furiis,
663 3721 701 3793 in
727 3744 764 3793 re
788 3722 936 3815 incerta,
975 3720 1173 3793 Pausanias
1197 3719 1394 3793 audiendus
1420 3721 1559 3816 estqui
1584 3721 1629 3810 (I.
1657 3721 1704 3793 28
1729 3723 1749 3816 ξ
1777 3723 1813 3811 6)
1839 3721 2027 3794 Furiarum
2055 3722 2163 3795 simu-

501 3843 608 3938 lacra,
647 3840 803 3914 Athenis
838 3839 876 3912 in
913 3839 1041 3913 Martis
1075 3839 1164 3913 colle
1200 3839 1325 3936 posita,
1358 3839 1565 3934 discribens,
1592 3839 1766 3937 Aeschyli
1792 3840 1909 3913 iniicit
1935 3841 2161 3938 mentionem,

500 3958 626 4032 deinde
663 3958 794 4055 pergit:
836 3965 918 4037 τοῖς
955 3949 996 4024 δὲ
1034 3953 1238 4049 ἀγάλμασι
1276 3956 1360 4026 οὔτε
1385 3955 1541 4038 τούτοις
1563 3951 1711 4027 ἔπεστιν
1735 3949 1846 4028 οὐδὲν
1870 3956 2053 4050 φοβερὸν,
2078 3959 2163 4029 οὔτε

500 4099 534 4146 κ.
560 4101 593 4142 τ.
618 4071 651 4142 λ.
703 4075 877 4148 Remanet
915 4072 1025 4168 igitur
1062 4071 1155 4162 Κῆρ,
1207 4071 1377 4144 Libenter
1413 4097 1454 4146 eo
1492 4072 1634 4146 nomine
1674 4096 1835 4146 vocarem
1871 4072 1972 4147 illam
2013 4074 2161 4169 figuram

500 4218 712 4293 gorgoneum
739 4217 828 4289 quae
854 4190 970 4264 leones
999 4189 1198 4285 strangulat
1222 4189 1263 4262 Π
1291 4198 1343 4286 la,
1369 4216 1427 4289 pg.
1456 4192 1489 4288 7,
1516 4191 1576 4264 sed
1602 4191 1637 4264 id
1664 4214 1802 4287 quoque
1827 4191 2011 4264 incertum.

550 4313 624 4387 Cur
648 4310 767 4410 potius
793 4333 838 4382 ex
865 4308 941 4380 VII
967 4331 1073 4403 quam
1099 4331 1144 4380 ex
1169 4306 1225 4380 VI
1252 4307 1369 4381 seculo
1394 4309 1479 4405 quid
1505 4309 1564 4404 sit,
1591 4308 1798 4406 plerumque
1823 4307 1966 4381 difficile
1991 4314 2045 4381 est
2070 4306 2161 4380 iudi-

506 4432 611 4504 cium.
638 4429 722 4502 Non
748 4435 873 4499 tamen
900 4423 1007 4496 nimis
1031 4424 1198 4499 audacem
1224 4449 1279 4497 me
1304 4449 1378 4498 esse
1404 4425 1620 4522 crediderim,
1660 4424 1689 4498 si
1716 4425 1773 4498 vel
1798 4425 1875 4499 VII
1901 4425 2019 4498 seculo
2045 4424 2161 4521 adsig-

540 4716 562 4788 1)
583 4715 687 4772 Auctor
706 4713 849 4791 Orphicus
868 4715 904 4773 de
923 4713 1071 4792 lapidibus,
1091 4713 1207 4773 eandem
1226 4733 1310 4792 quam
1329 4712 1448 4772 Ovidius
1468 4712 1588 4787 (Metam
1607 4713 1652 4771 IV
1674 4714 1838 4786 tue-752)
1859 4710 1993 4780 fabulam,
2012 4710 2047 4769 de
2067 4707 2159 4768 herbis

513 4805 630 4864 marinis
649 4806 678 4865 in
698 4807 801 4865 cumlia
821 4808 944 4879 muntia,
964 4814 1134 4879 narraturus,
1154 4827 1236 4866 versu
1257 4811 1311 4866 5³8
1330 4808 1491 4883 Gorgonem
1510 4805 1595 4865 dicit:

846 4943 1057 4961 ........
1088 4899 1260 4979 dpatientia,
1279 4911 1369 4979 κῆρα
1390 4907 1538 4976 μέλαιναν

844 5001 999 5073 ιἰνίρίπνν,
1019 4998 1089 5061 clota
1111 5023 1159 5060 κεν
1181 4999 1229 5059 ἆτ’
1251 5000 1413 5074 ίινίριφίνιι
1434 5001 1529 5074 βάλεν
1551 5003 1620 5060 ’όταν
1640 5023 1667 5058 κ.
1689 5022 1717 5058 τ.
1739 5007 1769 5058 λ.

538 5092 614 5150 Gara
639 5096 732 5149 tamen
764 5109 798 5150 uc
823 5090 888 5151 inde
908 5091 977 5169 quid
996 5090 1094 5150 elicere
1114 5090 1190 5161 velis,
1211 5089 1317 5148 etenim
1336 5107 1396 5147 sero
1416 5092 1499 5147 uatus
1523 5094 1565 5147 est
1584 5095 1680 5148 auctor
1700 5122 1737 5134 -
1758 5087 1845 5147 altera
1864 5091 1942 5164 parte
1962 5085 2048 5144 seculi
2067 5084 2109 5144 IV
2129 5104 2156 5162 p.

500 5187 568 5247 Chr.
589 5206 617 5245 n.
637 5183 746 5262 scripsit
764 5219 802 5229 -
821 5191 850 5244 et
869 5184 939 5245 nihil
959 5184 1036 5244 aliud
1057 5183 1117 5242 vult
1138 5203 1224 5264 quam
1244 5183 1382 5242 Pindarus
1402 5202 1468 5242 011111
1490 5190 1596 5248 λίθινον
1617 5191 1780 5248 θάνατον
1800 5181 1878 5241 dicit.
1897 5180 1969 5240 Vide
1989 5176 2071 5240 infra.
