4808 6390
1033 617 1079 688 67

321 833 370 906 Ε
399 834 455 905 13.
484 833 568 906 202
595 832 721 926 (0.064
747 830 828 925 (616)
853 829 985 919 Β66611)
1012 829 1103 905 (1611.
1130 830 1207 904 Six.

371 948 473 1024 Adde
498 948 645 1046 Myconi
672 971 856 1021 nummum
882 948 983 1021 ouius
1009 955 1116 1046 caput
1139 948 1337 1044 adversum,
1365 971 1477 1043 neque
1500 946 1648 1041 alatum,
1675 969 1787 1042 neque
1813 971 1878 1019 an·

322 1067 453 1162 guibus
478 1066 648 1163 cinctum,
677 1067 742 1139 vix
770 1071 890 1139 tamen
916 1065 1115 1162 Gorgonem
1142 1089 1267 1139 vocare
1292 1066 1408 1139 ausim
1434 1065 1504 1138 nisi
1529 1088 1667 1137 summa
1680 1087 1760 1137 666
1777 1089 1878 1162 supe-

319 1210 472 1284 rioribus
497 1219 589 1284 esset
613 1211 820 1285 similitudo.
870 1202 901 1298 1(
925 1202 1100 1277 Racsmus
1125 1203 1220 1288 61116,
1247 1210 1435 1301 sceptrum,
1463 1226 1624 1297 granum,
1652 1186 1825 1311 ξένίων.

321 1327 370 1400 Ε
398 1329 455 1400 15.
482 1369 530 1379 —
557 1325 760 1401 Oadalvene
785 1329 858 1403 lab.
885 1331 920 1402 4.
950 1328 1007 1400 15.

320 1442 420 1517 Idem
444 1441 540 1516 valet
564 1444 606 1516 de
631 1467 775 1518 nummo
800 1444 962 1518 Etennae
987 1445 1016 1538 )(
1044 1443 1166 1540 Harpe
1191 1449 1254 1516 aut
1280 1442 1440 1538 strigilis.

320 1564 360 1631 dl
388 1560 419 1631 9.
448 1557 1104 1655 010Β1161.1’6.-(1.Ι616661,Μ66.
1131 1559 1196 1632 Gr.
1223 1560 1295 1632 tab.
1322 1560 1363 1633 F.
1393 1563 1452 1635 18.

321 1680 357 1747 et
394 1699 438 1747 ex
478 1680 578 1772 parte
616 1675 659 1748 de
698 1677 853 1749 nummis
891 1675 1022 1771 Selges,
1048 1675 1121 1748 iam
1147 1699 1262 1773 supra,
1291 1700 1349 1774 pg.
1377 1679 1437 1770 54,
1464 1678 1676 1751 memoratis.
1702 1675 1871 1773 Exempla

320 1789 419 1864 vide:
446 1790 569 1864 Revue
593 1790 701 1865 Num.
731 1794 825 1865 1853
852 1793 924 1865 tab.
952 1795 986 1865 2.
1016 1794 1050 1889 6,
1079 1794 1113 1865 1.

369 1908 440 1982 Η16
477 1908 627 1982 addatur
664 1932 831 1983 nummus
869 1909 1011 2005 ignotae
1048 1909 1207 2005 originis,
1246 1909 1391 1983 nomina
1416 1910 1510 1983 enim
1538 1912 1694 1984 virorum
1718 1907 1873 2006 plurima

321 2050 382 2123 per
407 2021 530 2117 ’any
555 2025 743 2123 incipiunt,
771 2025 913 2099 urbium
939 2024 1052 2100 nulla.

319 2144 405 2241 Gap.
432 2143 608 2239 Gorgonis
633 2143 713 2216 adv.
739 2143 783 2216 ad
810 2143 856 2239 d.,
884 2143 975 2216 nodo
1001 2143 1185 2237 anguium.

317 2261 347 2353 1(
373 2257 485 2331 Galea
510 2258 737 2332 Corinthiaca
762 2259 907 2332 cristata
930 2259 978 2353 d.,
1007 2265 1126 2334 ΕνΑΓ
1153 2264 1215 2331 661
1251 2277 1296 2328 ΛΓ
1323 2258 1403 2345 (hae
1438 2258 1578 2331 litterae
1603 2259 1693 2332 duae
1718 2258 1873 2353 ligatae),

320 2377 359 2450 in
384 2375 517 2449 circulo
543 2375 581 2448 in
608 2400 658 2449 66.
685 2400 761 2450 cav.

319 2492 368 2566 Ε
397 2495 453 2565 14.
484 2490 861 2566 1.770011.1mh00f.

317 2610 493 2683 Nummus
532 2609 707 2681 Parianus
745 2612 767 2680 5
801 2608 902 2682 cuius
926 2616 1042 2706 caput,
1069 2607 1254 2704 paululum
1280 2608 1323 2680 ad
1349 2608 1512 2682 dextram
1537 2633 1688 2704 versum,
1716 2608 1873 2681 crinibus

317 2726 429 2820 magis
455 2725 622 2799 tortuosis
648 2731 712 2797 661.

367 2842 465 2914 Vasa
489 2864 637 2937 666666,
664 2865 692 2913 6.
719 2839 756 2935 f,
784 2839 886 2911 nobis
900 2838 1006 2912 huius
1019 2838 1175 2914 familiae
1187 2840 1349 2938 exempla
1361 2841 1598 2938 suppeditant.
1624 2842 1682 2914 En
1694 2840 1780 2914 haec
1792 2841 1873 2915 duo:

320 2959 338 3030 1
366 2957 452 3056 Cap.
480 2965 529 3047 (et
553 2957 698 3047 collum)
726 2955 902 3050 Gorgonis
927 2979 985 3028 ore
1011 2955 1144 3052 pulcro,
1170 2957 1257 3030 crin.
1285 2957 1410 3054 passis.

366 3073 411 3146 In
437 3097 546 3146 manu
570 3073 685 3146 Persei
712 3072 773 3171 qui
798 3070 1014 3169 Polydecten
1039 3072 1077 3144 in
1104 3097 1229 3146 saxum
1255 3073 1372 3146 vertit.
1424 3072 1548 3147 Crater
1582 3098 1654 3172 rep.
1681 3075 1874 3148 Bononiae.

315 3190 414 3263 Anu.
440 3189 522 3263 dell'
550 3189 639 3262 lnst.
672 3192 764 3263 1881
794 3189 865 3262 tab.
892 3189 934 3260 F.

323 3305 455 3403 20ap.
496 3305 672 3401 Gorgonis
710 3329 770 3379 666
805 3305 939 3402 pulcro,
966 3304 1082 3378 fronte
1108 3312 1232 3398 contr,
1260 3306 1328 3377 snb
1354 3312 1473 3378 mento
1499 3307 1589 3381 nodo
1615 3307 1785 3403 anguium
1811 3306 1872 3401 qui

315 3423 360 3496 ad
385 3432 543 3520 tempora
567 3448 604 3497 se
629 3424 783 3519 erigunt.

364 3541 411 3614 In
424 3565 532 3613 manu
544 3541 662 3615 Persei
675 3541 736 3637 qui
749 3547 910 3636 satyrum
923 3546 1102 3638 perterret.
1117 3537 1288 3633 Gerhard,
1303 3539 1398 3613 Berl.
1413 3541 1610 3614 Winlrelm.
1625 3541 1747 3637 Progr.
1764 3542 1871 3615 1852.

365 3657 485 3731 Η6166
521 3659 660 3754 generis
698 3657 836 3730 familia
877 3656 989 3729 altera
1029 3655 1226 3729 continebit
1269 3657 1453 3755 cacapite
1479 3682 1570 3754 6666
1597 3656 1772 3754 Gorgonis
1798 3681 1873 3732 6666

316 3776 468 3848 nescires
506 3777 574 3849 nisi
617 3775 656 3848 in
694 3775 811 3848 media
847 3775 970 3870 aegide
995 3773 1166 3847 collocata
1191 3781 1319 3846 essent.

364 3891 515 3966 Initium
540 3893 668 3965 166166
693 3917 715 3964 6
744 3913 890 3964 66666
917 3898 1084 3986 argenteo
1109 3890 1217 3963 Ponti
1245 3914 1349 3987 quem
1376 3893 1431 3965 vir
1456 3893 1547 3965 doct.
1575 3893 1875 3967 Imhoof·Blumer

314 4009 426 4103 (Mon.
455 4007 517 4082 Gr.
544 4032 601 4107 pg.
631 4010 703 4081 226
729 4008 776 4082 N.
805 4010 843 4103 2)
869 4008 993 4082 Amiso
1019 4007 1204 4102 adsignare
1229 4009 1434 4105 proposuit:

360 4125 476 4223 Caput
501 4125 535 4198 d.
561 4127 718 4199 imberba
744 4124 875 4221 Persei,
901 4124 940 4196 in
967 4147 1086 4197 umero
1112 4123 1207 4196 ensis
1234 4123 1410 4197 hamatus.

317 4251 343 4330 l(
369 4242 456 4341 Gap.
494 4242 670 4337 Gorgonis
708 4264 850 4339 prorsus
893 4239 1101 4335 humanum,
1128 4262 1189 4312 666
1214 4239 1424 4314 semihiante
1449 4240 1487 4313 in
1513 4241 1636 4336 aegide
1661 4239 1869 4337 sexangula,

314 4383 510 4456 squamosa,
537 4383 619 4454 ang.
647 4366 788 4455 ornata,
813 4380 1089 4453 monogramma,
1117 4355 1155 4428 in
1181 4379 1230 4430 ar.
1259 4381 1333 4430 osv.

315 4485 355 4553 dl
385 4481 441 4553 17.
470 4479 564 4552 314.
592 4476 682 4551 Ooll.
710 4475 853 4548 Imhoof
873 4473 898 4550 l.
925 4474 949 4548 l.
980 4475 1053 4547 tab.
1080 4474 1112 4546 ll
1140 4476 1197 4546 15.

361 4596 477 4669 Ponto
516 4595 594 4667 ideo
636 4594 696 4667 hic
722 4593 890 4666 tribuitur
915 4592 1006 4689 quod
1033 4591 1198 4688 vulgares
1225 4597 1309 4663 6661
1335 4590 1607 4687 nummiaenei,
1633 4590 1752 4664 eodem
1777 4589 1871 4685 aegi-

312 4713 367 4787 dis
405 4721 502 4811 typo,
540 4736 627 4809 quos
663 4712 768 4784 urbes
795 4710 980 4809 pleraeque
1006 4733 1050 4783 ex
1075 4732 1182 4804 reguo
1205 4709 1324 4804 Ponti,
1351 4709 1535 4804 cuderunt,
1560 4732 1711 4805 quarum
1736 4706 1871 4783 Eclrhel

314 4831 428 4920 (Doct.
455 4831 563 4903 Num.
591 4828 631 4903 11
657 4852 715 4926 pg.
744 4829 831 4918 343)
858 4827 931 4901 iam
957 4826 1156 4899 nominavit
1183 4825 1359 4920 Amisum,
1387 4825 1530 4922 Oabira,
1560 4826 1727 4922 Comana,
1745 4824 1871 4898 Laodi·

312 4970 420 5042 ceam,
445 4945 654 5029 Amastrim¹
680 4944 863 5042 Sinopam.
887 4941 1036 5018 Accedit
1062 4941 1244 5015 Ghobaota
1269 4941 1377 5036 (Mus.
1405 4943 1548 5016 Hunter
1572 4966 1631 5040 pg.
1647 4944 1721 5032 93).
1748 4941 1869 5014 Unum

311 5089 375 5164 pro
400 5064 563 5138 omnibus
587 5063 697 5136 dabo:
776 5111 780 5118 ·

312 5182 428 5280 Caput
454 5178 631 5276 Gorgonis
656 5179 695 5251 in
720 5177 842 5275 aegide
868 5182 909 5250 ut
935 5197 1052 5274 snpra.
1623 5287 1666 5361 9.
