4808 6390
1171 651 1172 656 r
1198 589 1245 660 64

392 698 433 757 1v

397 794 443 861 td
492 794 578 894 Gap.
622 795 803 892 Gorgonis
840 798 1043 895 rotundum,
1080 800 1168 875 crin.
1204 801 1312 898 bren,
1351 802 1418 876 sub
1444 808 1562 875 mento
1588 800 1680 874 nodo
1704 802 1888 899 anguium,
1915 802 2049 880 circum

489 912 603 987 crines
628 914 667 986 X
690 914 877 1009 anguibus.

489 1034 518 1119 )(
544 1029 710 1103 Minerva
735 1030 769 1105 d.
795 1028 935 1105 hastata
959 1033 1137 1129 gradiens,
1164 1051 1249 1131 Αοε,
1273 1035 1313 1107 in
1338 1057 1389 1109 ar.
1416 1058 1492 1109 cav.

494 1144 543 1218 [Ε
571 1148 629 1219 20.
659 1149 745 1220 830
770 1147 865 1222 Bibl.
893 1173 964 1244 reg.
992 1150 1118 1245 Hagae
1144 1151 1305 1249 comitis3
1333 1154 1415 1227 &65
1444 1152 1536 1228 Coll.
1564 1152 1652 1250 six3
1678 1153 1788 1229 Beuls
1812 1180 1871 1253 pg.
1900 1156 1985 1229 346.

488 1270 523 1336 et
563 1264 602 1337 in
641 1288 724 1338 area
749 1266 996 1339 tetradrachmi
1036 1269 1193 1364 argentei
1232 1270 1271 1342 in
1311 1293 1380 1367 quo
1424 1285 1582 1340 ΝικΗτΗΣ
1607 1279 1643 1343 st
1668 1286 1874 1342 ΔΙΟΝΥΣΙΟΣ
1900 1272 2046 1348 nomina

489 1380 763 1479 inscripserunt:
790 1383 875 1480 Gap.
904 1383 1080 1480 Gorgonis
1106 1385 1166 1459 HI
1191 1410 1286 1481 ang..

488 1500 762 1597 Miletopolitani
789 1502 990 1599 exemplum
1015 1504 1115 1577 aenei
1141 1505 1277 1576 nummi
1303 1504 1413 1578 secuti
1440 1513 1536 1579 sunt:

489 1614 575 1713 Oap.
602 1616 777 1712 Gorgonis
803 1617 874 1691 fere
898 1617 1002 1715 idem,
1024 1620 1156 1692 circum
1181 1618 1321 1694 monile.
1348 1622 1376 1715 )(
1401 1621 1552 1718 Noctua,
1577 1618 1910 1695 ΜιΛΗτοΠοΛιτῶν.

490 1732 539 1806 AE
568 1737 624 1806 16.
654 1776 700 1788 -—
729 1734 860 1808 Sestini
886 1736 979 1810 Lett.
1005 1736 1083 1809 VII
1109 1738 1181 1809 tab.
1211 1740 1245 1811 3.
1273 1738 1308 1813 l.

538 1851 686 1924 Frustra
719 1851 777 1925 hic
810 1877 993 1949 quaereres
1026 1878 1210 1928 nummum
1243 1879 1388 1929 aureum
1422 1853 1684 1952 Syracusanum
1710 1854 1771 1950 qui
1796 1854 1908 1929 fertur
1932 1856 2043 1957 (Lug-

488 1989 562 2062 ues,
587 1968 719 2043 Bullet.
745 1968 857 2042 Arch.
883 1970 977 2067 Nep.
1002 1970 1022 2043 I
1047 1971 1119 2046 tab.
1147 1974 1180 2047 9.
1210 1974 1257 2068 3),
1282 1971 1451 2068 antiquus
1477 1972 1572 2046 enirn
1596 1995 1669 2044 non
1693 1978 1758 2044 est.

537 2083 574 2157 si
605 2087 683 2181 quis
708 2088 849 2160 tertiam
874 2087 966 2160 hanc
990 2088 1163 2162 familiam
1189 2090 1227 2162 in
1253 2090 1364 2163 altera
1391 2096 1490 2188 parte
1516 2088 1671 2162 familiae
1693 2087 1753 2161 Ill
1778 2091 1821 2158 14
1847 2085 1949 2160 malit
1972 2087 2042 2162 col·

485 2201 606 2299 locari,
640 2229 713 2277 non
740 2212 793 2278 est
819 2229 882 2278 cur
909 2205 944 2278 id
972 2207 1003 2279 ei
1034 2230 1212 2301 negemus.

1115 2467 1238 2523 sunus
1263 2447 1310 2520 V.

534 2685 613 2757 Hoc
638 2709 760 2781 genus,
787 2686 825 2757 in
852 2687 944 2781 quod
970 2712 1012 2761 ea
1037 2688 1212 2783 Gorgonis
1238 2688 1355 2786 capita
1379 2688 1508 2784 redegi,
1535 2713 1625 2787 quae
1650 2689 1808 2763 crinibus
1820 2690 1961 2788 sparsis,
1976 2716 2038 2767 an·

483 2800 606 2896 guium
641 2826 736 2875 more
761 2804 914 2901 retortis,
940 2804 1034 2877 inter
1059 2829 1147 2901 quos
1171 2805 1351 2878 interdurn
1376 2828 1510 2900 angues
1535 2805 1739 2901 miscentur,
1766 2812 1920 2880 ceterum
1944 2807 2037 2884 nihil

483 2918 677 2992 inhumane
716 2918 861 3015 habent,
896 2922 1003 2994 immo
1041 2921 1163 3018 pulcro
1198 2921 1303 2995 vultu
1341 2921 1456 2994 solent
1494 2921 1576 3019 dici,
1603 2947 1716 3021 pauca
1739 2921 1896 2996 continet
1920 2949 2037 3001 exem·

483 3033 597 3132 pluria
623 3035 682 3108 sed
707 3035 861 3134 plurima
883 3039 1002 3133 generi
1028 3038 1117 3125 Vll,
1144 3039 1250 3135 alato,
1277 3038 1527 3136 subpeditabit.

530 3150 696 3225 Invenies
721 3155 969 3251 antiquissima
996 3157 1035 3251 l),

482 3267 519 3341 in
546 3269 740 3344 nummulis
766 3271 943 3346 Coroneae
969 3275 1004 3368 4,
1035 3276 1057 3345 5
1084 3279 1120 3346 et
1147 3273 1181 3370 6,
1211 3294 1299 3368 quos
1325 3271 1477 3347 libenter
1501 3277 1580 3369 post
1605 3293 1739 3343 annum
1764 3270 1905 3344 domum
1919 3273 1991 3348 338
2004 3277 2036 3372 Β)

481 3410 582 3461 cusos
608 3411 683 3460 esse
707 3389 923 3462 crediderim.

529 3504 598 3576 His
625 3504 807 3602 proximus
833 3513 887 3579 est
912 3530 1088 3599 nummus,
1116 3507 1259 3579 omnino
1285 3531 1356 3581 non
1385 3504 1725 3605 praetermittendus,
1752 3504 1908 3605 Seriphi:

485 3621 504 3692 1
533 3620 650 3718 Caput
674 3623 708 3697 d.
735 3624 866 3698 Persei.

481 3737 511 3832 )(
537 3737 621 3836 Cap.
636 3740 813 3836 Gorgonis
826 3741 950 3840 pulcr,
964 3743 1051 3815 criu.
1065 3765 1171 3839 pass,
1184 3744 1278 3815 infra
1290 3742 1384 3816 ensis
1395 3742 1570 3838 hamatus,
1588 3761 1608 3810 ε
1628 3758 1649 3810 ε
1671 3758 1691 3811 Ρ
1713 3741 1833 3840 ιφίων,
1844 3744 1883 3816 in
1891 3767 1943 3820 ar.
1952 3766 2029 3818 cau.

479 3853 528 3927 [Ε
557 3857 654 3945 1918.
681 3900 728 3911 -
755 3858 846 3934 Goll.
872 3858 1022 3933 Imhoof.
1469 3955 1472 3959 g

528 3970 650 4067 Longe
675 3973 794 4049 minus
819 3977 976 4071 antiqua,
1004 3975 1146 4073 propius
1171 3975 1217 4048 ad
1241 3999 1353 4071 genus
1379 3976 1434 4049 IV
1459 3975 1671 4073 accedentia,
1697 3977 1859 4050 eduntur:

481 4095 502 4165 2
529 4091 646 4189 Caput
670 4094 704 4166 d.
730 4094 849 4166 Persei
874 4091 975 4188 galea
999 4091 1106 4165 alata.
1132 4091 1284 4166 Fulmen
1310 4093 1589 4191 superincusum.

477 4216 507 4298 )(
533 4210 619 4309 Gap.
646 4209 824 4305 Gorgonis
849 4210 1007 4283 crinibus
1032 4209 1263 4305 brevioribus,
1291 4211 1385 4284 ensis
1410 4209 1585 4304 humatus,
1613 4205 1830 4297 Σεριφίων.

476 4326 524 4399 [Ε
554 4329 638 4418 18βῖ
664 4369 713 4382 -
741 4326 941 4401 Cadslvene
965 4326 1036 4399 tab.
1064 4328 1100 4401 4.
1128 4330 1187 4399 24.

476 4445 497 4515 3
524 4444 610 4540 Cap.
637 4443 814 4539 Gorgonis
841 4443 927 4516 crin.
954 4442 1078 4541 passis,
1105 4443 1200 4516 infra
1224 4445 1319 4517 ensis
1344 4441 1520 4515 hamatns.

412 4765 435 4838 ¹)
454 4763 613 4843 Suspiciosa
640 4767 716 4825 enim
745 4767 856 4826 videtur
885 4767 979 4844 imago
1009 4767 1130 4838 crateris,
1160 4767 1236 4825 rubr.
1256 4768 1314 4843 fig,
1343 4766 1419 4825 edita
1437 4765 1525 4825 Arch.
1543 4763 1611 4824 neit
1632 4767 1707 4823 leta
1728 4762 1786 4822 tab.
1806 4765 1853 4832 42,
1872 4778 1930 4820 non
1948 4758 2026 4838 quod

368 4864 478 4936 praeter
496 4868 580 4939 caput
599 4862 738 4938 Gorgonis
756 4863 824 4941 ling.
845 4883 912 4935 exa,
932 4883 996 4941 ang.
1016 4863 1158 4935 circumd,
1177 4863 1206 4922 in
1226 4868 1338 4942 pectore
1357 4863 1510 4932 Minervae,
1530 4860 1567 4919 ad
1588 4879 1686 4938 mpem
1704 4858 1736 4918 in
1755 4877 1812 4937 qua
1822 4857 1940 4918 Perseus
1949 4855 2027 4916 sedet

369 4950 487 5013 alterum
507 4960 591 5034 caput
611 4955 751 5034 Gorgonis
770 4977 818 5017 ore
836 4958 943 5036 pulcro,
961 4957 1049 5017 oculis
1068 4957 1193 5032 claudat,
1213 4958 1282 5018 crin.
1302 4957 1391 5036 passis
1410 4955 1491 5027 iacet,
1510 4974 1607 5015 venrm
1625 4953 1703 5033 quod
1713 4952 1786 5012 illud
1796 4971 1852 5012 non
1863 4950 2025 5011 adeundam

365 5052 485 5106 aetatem
504 5066 537 5107 ac
556 5048 664 5109 litteras
683 5056 849 5111 ΑΘΕΝΑΙΑ
871 5052 1019 5128 adsignare
1037 5053 1138 5113 ausim.

404 5138 426 5215 ¹)
446 5141 529 5201 Nunc
547 5143 661 5202 tandem
680 5143 762 5204 video
781 5145 857 5204 viros
875 5145 1031 5206 Coronasos
1050 5146 1086 5205 ad
1105 5146 1210 5226 primos
1230 5165 1318 5207 annos
1339 5146 1427 5208 seculi
1445 5146 1494 5207 111
1513 5166 1530 5206 a
1550 5142 1687 5206 Pausania
1705 5142 1743 5216 (L
1763 5143 1809 5201 35.
1826 5137 2024 5217 8)momorarl.
