4808 6390
1409 617 1456 689 16

602 733 651 791 11

750 830 921 920 Quamvis
948 827 1184 902 inter-minus
1209 829 1357 925 antiqua
1382 830 1425 903 de
1451 831 1579 926 quibus
1602 826 1669 922 egi,
1696 824 1810 897 multa
1834 824 1907 898 sint
1932 847 2021 920 quae
2047 848 2069 896 a
2094 847 2178 897 mox
2204 825 2256 897 di·

697 945 890 1020 scribendis
916 970 987 1018 111
1012 945 1235 1040 abhorreant,
1260 969 1463 1042 novumque
1490 946 1598 1041 igitur
1623 967 1735 1039 genus
1761 966 1833 1015 non
1859 941 2072 1015 constituere
2094 941 2254 1038 audeam,

695 1086 789 1135 nova
816 1069 931 1134 tamen
957 1063 1063 1134 serios
1089 1061 1290 1159 incipienda
1315 1069 1368 1135 est
1385 1086 1467 1135 nam
1486 1086 1567 1135 cum
1580 1083 1690 1155 aeque
1703 1058 1861 1153 antiquis
1875 1065 1915 1130 ut
1938 1069 1989 1150 11,
2002 1072 2036 1153 b,
2063 1058 2255 1131 haecnihil

696 1177 767 1253 fere
805 1203 988 1253 commune
1019 1179 1163 1253 habent.
1215 1180 1367 1277 Propius
1393 1180 1539 1254 fortasse
1564 1178 1718 1275 primum
1742 1176 1849 1249 huius
1874 1175 2029 1249 familiae
2054 1176 2254 1273 exemplum

694 1298 738 1370 ad
765 1303 809 1369 2a
833 1298 977 1371 accedit.

688 1414 776 1512 Gap.
816 1422 850 1487 11
888 1415 1018 1490 collum
1057 1414 1244 1509 Gorgonis,
1278 1414 1364 1510 ling.
1397 1438 1482 1500 ens,
1519 1414 1611 1486 rictu
1647 1414 1730 1508 lato,
1772 1412 1867 1485 dent.
1903 1418 1992 1484 extr.
2028 1435 2087 1484 111
2121 1436 2251 1508 magn,

693 1537 812 1604 mento
850 1532 922 1604 div.
950 1533 1035 1605 satis
1061 1539 1176 1626 acuto,
1203 1531 1299 1604 linea
1323 1531 1368 1604 ab
1393 1555 1469 1603 aur.
1497 1530 1541 1603 ad
1568 1554 1643 1603 nas.
1670 1529 1831 1625 deducta,
1857 1529 1945 1600 crin.
1972 1529 2010 1600 in
2036 1551 2173 1601 summo
2197 1552 2253 1602 ca·

692 1649 766 1745 pite
791 1647 1012 1722 flammarum
1039 1650 1153 1722 instar
1178 1647 1414 1744 horrentibus,
1440 1647 1646 1740 intorques
1674 1646 1729 1718 vir
1755 1644 1799 1718 11.
1826 1644 2252 1718 Μ111111111111111111-

691 1774 783 1839 tasse
808 1768 876 1840 sibi
914 1792 1044 1841 cornua
1081 1768 1254 1841 detexisse
1288 1767 1386 1839 visus
1419 1775 1473 1839 est
1504 1768 1542 1862 ¹),
1578 1767 1623 1838 ab
1650 1772 1798 1862 utraque
1825 1772 1923 1861 parte
1947 1764 2126 1861 gradibus,
2156 1765 2251 1837 bacis

692 1909 799 1980 quam
834 1887 992 1958 crinibus
1032 1886 1275 1979 similioribus,
1302 1884 1432 1956 umeris
1459 1891 1556 1958 veste
1582 1884 1684 1956 tectis
1710 1890 1751 1956 ut
1776 1883 1926 1957 videtur.

733 2005 776 2073 in
802 2000 972 2074 acroteria
997 2025 1192 2074 marmoreo
1219 2002 1380 2074 rotundo.
1407 2001 1518 2073 Arch.
1546 2000 1960 2073 Ζ111.1881111.17.1.
1984 2000 2073 2097 Rep.
2093 1999 2249 2097 Spartae.

741 2117 842 2206 Quod
869 2117 938 2189 nisi
977 2118 1015 2189 in
1041 2118 1178 2191 Graeca
1204 2124 1297 2190 terra
1323 2123 1497 2214 repertum
1525 2126 1627 2212 esset,
1654 2116 1829 2189 Graecum
1855 2140 1930 2188 esse
1956 2140 2042 2212 opus
2069 2138 2251 2212 nunquam

692 2233 780 2305 mihi
817 2234 1068 2330 persuasissem
1108 2258 1179 2307 non
1215 2241 1287 2306 tam
1326 2241 1468 2330 propter
1505 2240 1617 2307 artem
1652 2232 1913 2305 laboriosiorem
1951 2232 2104 2328 quidem,
2128 2254 2250 2304 verum

692 2372 764 2419 non
802 2350 954 2421 alienam
993 2376 1014 2422 a
1049 2351 1172 2422 ceteris
1212 2349 1376 2448 operibus
1404 2348 1550 2447 Spartae
1576 2349 1734 2446 repertis,
1762 2371 1869 2444 quam
1903 2355 2045 2445 propter
2073 2346 2251 2442 quandam

688 2463 898 2537 horrendam
942 2465 1198 2562 turpitudinem
1243 2466 1345 2539 ouius
1382 2465 1476 2538 11111
1508 2473 1561 2539 tot
1599 2471 1673 2538 tam
1709 2465 1847 2538 diversa
1885 2463 2047 2561 exempla
2072 2462 2251 2536 aemulum

688 2581 819 2654 frustra
845 2583 1020 2678 quaesivi.

746 2699 846 2772 Licet
872 2701 958 2773 haec
984 2701 1035 2773 ita
1060 2701 1143 2796 sint,
1170 2724 1244 2773 non
1270 2708 1387 2774 tamen
1415 2725 1556 2799 possum
1582 2701 1671 2798 quin
1695 2723 1776 2773 oum
1800 2698 1867 2771 hoc
1892 2703 2033 2796 propter
2060 2703 2168 2770 totam
2194 2720 2250 2769 ca·

690 2816 775 2911 pitis
800 2815 948 2911 figuram
975 2825 1011 2890 et
1048 2817 1256 2890 affinitatem
1288 2843 1378 2914 quae
1404 2819 1497 2890 inter
1521 2817 1669 2891 formam
1695 2817 1848 2889 crinium
1873 2816 1990 2910 huius,
2018 2816 2147 2888 barbae
2172 2814 2251 2887 illo·

692 2958 770 3004 rum
797 2943 861 3031 est,
888 2934 1101 3031 coniungam
1127 2935 1298 3008 acroteria
1327 2936 1498 3031 quaedam
1524 2960 1569 3008 ex
1594 2935 1721 3032 argilla
1748 2944 1847 3008 cocta
1873 2934 1966 3007 flava
1991 2934 2144 3029 quaein
2169 2934 2249 3007 Mu·

689 3072 747 3121 seo
773 3051 969 3146 Luporensi
994 3051 1098 3146 (Goll.
1126 3051 1323 3148 Campana)
1351 3059 1386 3124 et
1413 3052 1649 3150 Neapolitano
1666 3057 1904 3148 asservantur,
1926 3074 2072 3146 quorum
2092 3050 2245 3147 plurima

690 3164 805 3238 adhuc
842 3166 933 3239 flavo
973 3167 1088 3240 colore
1123 3167 1217 3265 picta
1243 3168 1412 3263 subnigro
1436 3193 1661 3266 purpuraque
1688 3168 1856 3242 distincta
1881 3176 1975 3240 sunt.
2015 3167 2087 3241 Ubi
2113 3174 2249 3263 reperta

694 3283 767 3356 sint
790 3285 926 3381 ignoro,
953 3288 1112 3384 suspicor
1137 3294 1256 3359 tamen
1282 3286 1433 3384 Capuae.

595 3414 641 3481 bb
691 3401 777 3500 Gap.
805 3402 984 3498 Gorgonis
1010 3404 1096 3500 ling.
1125 3427 1215 3499 exs,
1237 3403 1328 3476 rictu
1354 3403 1502 3499 modico,
1528 3404 1623 3476 dent.
1650 3402 1816 3475 maximis
1842 3408 1933 3475 1111.
1961 3424 2031 3497 ore,
2063 3399 2248 3472 inauribus

693 3527 869 3605 ornatum,
895 3524 984 3597 crin.
1010 3521 1096 3616 div,
1123 3522 1238 3617 grad,
1265 3521 1376 3593 barba
1402 3528 1441 3593 ut
1470 3525 1535 3600 5b'.
1587 3521 1677 3594 Pars
1702 3521 1847 3594 inferior
1872 3521 1994 3593 fracta.
2045 3519 2137 3592 Mus.
2157 3518 2247 3614 Lup.

692 3636 796 3733 (0011.
824 3638 1030 3736 Campana).

596 3755 651 3830 bb'
693 3751 779 3851 Gap.
807 3754 985 3850 Gorgonis
1011 3754 1195 3850 aliquanto
1220 3753 1339 3826 minus
1364 3754 1563 3851 antiquum,
1590 3753 1682 3826 rictu
1708 3754 1843 3850 latiore,
1870 3755 1964 3826 dent.
1980 3753 2248 3826 minoribusaut

693 3872 813 3968 parvis
839 3879 978 3945 tantum
997 3877 1038 3969 2),
1065 3871 1152 3945 null.
1181 3872 1378 3967 inauribus,
1405 3880 1523 3945 mento
1549 3872 1674 3967 diviso,
1701 3873 1811 3945 barba
1835 3871 2059 3945 flammarum
2084 3870 2196 3942 instar
2209 3879 2248 3941 ut

693 3988 808 4060 crines
842 3991 881 4061 in
915 4003 969 4066 11.
1028 3988 1074 4061 Ι1
1115 3989 1288 4063 acroterio
1331 3998 1465 4064 ornato.
1501 3990 1595 4064 Mus.
1636 3989 1727 4087 Lup.
1765 3988 1859 4084 (1111.
1899 3989 2037 4085 Gamp.)
2079 3996 2115 4058 11
2152 3987 2246 4059 Μ11.

693 4104 927 4202 Neapolitano
953 4107 999 4179 N.
1028 4109 1137 4179 6094.

596 4236 637 4302 11
688 4224 774 4322 Gap.
803 4224 979 4320 Gorgonis
1004 4225 1075 4298 fere
1100 4224 1192 4297 idem
1217 4223 1258 4297 ao
1286 4222 1342 4303 bb'
1370 4223 1430 4297 sed
1455 4225 1632 4299 cincinnis
1658 4226 1794 4298 duobus
1821 4225 2006 4298 ordinibus
2030 4228 2066 4295 11
2079 4221 2247 4316 gradibus

692 4341 731 4413 in
765 4350 1011 4416 ornamentum
1037 4346 1067 4437 ³)
1101 4342 1357 4415 desinentibus.
1397 4341 1466 4413 'Per
1499 4343 1622 4435 (semel
1659 4341 1807 4439 pictum)
1833 4342 1872 4414 in
1897 4343 1992 4415 Mus.
2022 4339 2113 4436 Lup.
2140 4337 2246 4432 (0011.

693 4458 914 4555 Campana),
940 4460 1035 4532 Mus.
1061 4458 1175 4555 Neap.

630 4681 651 4754 ¹)
681 4679 795 4738 Cornua
826 4679 941 4739 minime
971 4699 1033 4738 rara
1058 4679 1087 4738 in
1118 4679 1256 4758 capitibus
1286 4679 1388 4757 quibus
1418 4698 1483 4737 vaso
1512 4678 1622 4738 serioris
1651 4680 1712 4738 aeri
1742 4679 1920 4748 1111111111,
1951 4695 2022 4754 quse
2041 4694 2058 4734 s
2077 4671 2246 4753 quibusdam

590 4771 728 4847 Gorgonis
748 4791 807 4831 esse
836 4773 1017 4850 perhibentur
1047 4773 1139 4851 (plura
1169 4772 1233 4832 vide
1264 4773 1316 4831 sub
1348 4771 1374 4829 V
1407 4775 1449 4847 1),
1470 4771 1500 4829 in
1521 4771 1725 4849 antiquioribus
1752 4770 1940 4830 monumentis
1959 4767 2050 4827 nescio
2070 4786 2105 4825 an
2122 4782 2246 4841 unqunm

589 4864 774 4936 inveniantur,
804 4867 919 4925 fortasse
946 4869 976 4926 in
1011 4869 1100 4946 capite
1119 4867 1259 4944 Gorgonis
1282 4887 1345 4926 cum
1366 4867 1476 4925 duobus
1496 4867 1634 4946 capitibus
1654 4866 1763 4944 equinis
1783 4867 1838 4942 (De
1856 4867 1977 4943 Luynes,
1997 4862 2079 4922 01111
2100 4857 2244 4925 11Ἠ1111έ,

588 4981 635 5040 pg.
658 4965 703 5022 82.
725 4963 832 5032 Micali,
857 4963 950 5022 Storia
969 4965 998 5023 d.
1018 4972 1075 5027 ant.
1095 4985 1160 5044 pop.
1180 4966 1236 5024 tob.
1258 4966 1335 5041 102).
1356 4965 1464 5042 Argilio
1482 4970 1569 5024 11111.
1589 4965 1659 5042 Rep.
1679 4964 1776 5024 Clusii.

627 5057 651 5131 ¹)
672 5057 776 5115 Dentes
796 5057 914 5117 maiores
934 5059 1065 5118 videntur
1084 5059 1113 5118 in
1133 5059 1178 5117 his
1198 5058 1330 5118 omnihus
1349 5065 1414 5138 post
1433 5064 1514 5138 typos
1533 5059 1621 5118 factos
1642 5078 1727 5118 manu
1747 5058 1848 5118 additi.

629 5153 653 5225 ⁸)
673 5150 761 5208 Paulo
782 5151 860 5210 aliter
881 5159 964 5229 atque
985 5172 1017 5210 ea
1037 5152 1072 5211 de
1092 5154 1197 5230 quihus
1218 5153 1278 5230 ugit
1299 5153 1414 5230 Helbig,
1435 5154 1485 5212 das
1504 5152 1688 5214 Homerische
1706 5154 1783 5232 Epos
1801 5173 1849 5233 pg.
1870 5156 1923 5215 167
1943 5171 2006 5231 sqq.
