4808 6390
1194 653 1215 721 9

380 764 429 822 Ill

473 861 598 959 caligis
632 864 738 935 alatis
763 870 799 935 et
824 862 989 938 Plutonis
1015 864 1117 961 galea
1142 863 1292 961 lugiens,
1319 864 1501 959 Gorgones
1527 865 1607 959 duo,
1634 865 1782 939 Medusa
1807 866 1883 938 sine
1909 866 2034 962 capite,

472 979 782 1077 prona,Minerva,
806 979 1015 1054 Mercurius.
1042 982 1292 1077 )(Puguantes
1314 981 1383 1054 duo
1409 1004 1490 1053 cum
1515 981 1708 1077 quadrigis.
1734 981 1834 1054 Infra
1859 981 1952 1054 ferae
1977 981 2034 1054 IV

472 1098 525 1192 (in
551 1096 637 1194 pede
662 1098 751 1192 XV)
778 1098 972 1172 ordinibus.
1005 1100 1083 1173 Cat.
1111 1100 1291 1197 Campana
1314 1100 1364 1173 II.
1393 1103 1451 1172 25.
1478 1100 1571 1175 Mus.
1598 1101 1688 1198 Lup.

522 1212 612 1286 Cum
637 1211 704 1286 hac
728 1214 947 1311 potissimum
976 1216 1169 1314 comparari
1195 1223 1310 1313 potest

373 1341 417 1406 ld
468 1327 564 1401 Deus
602 1353 629 1402 s.
665 1352 821 1425 currens,
858 1340 954 1405 veste
993 1333 1160 1406 umbilico
1198 1341 1313 1430 tenus,
1351 1333 1446 1406 infra
1471 1333 1598 1429 nudus,
1636 1333 1800 1406 manibus
1825 1333 1928 1430 pedes
1954 1339 2032 1407 tan·

471 1471 569 1544 gens,
618 1448 799 1544 pantheris
849 1451 978 1523 umeris
1022 1475 1062 1523 ac
1100 1451 1254 1523 brachiis
1281 1451 1466 1548 impositis,
1507 1451 1621 1548 capite
1659 1448 1730 1522 fere
1763 1448 1856 1522 idem
1895 1473 1936 1522 ac
1976 1447 2028 1537 lc,

469 1566 594 1662 lingua
619 1572 736 1639 tamon
763 1568 927 1663 acutiore,
956 1567 1066 1641 nullis
1092 1569 1281 1662 anguibus.

520 1682 682 1755 Alteram
709 1684 832 1756 seriem
859 1684 920 1756 vix
946 1709 968 1756 a
993 1685 1106 1782 priore
1132 1685 1306 1756 diversam
1332 1684 1511 1758 efficiant:

373 1814 417 1880 tta
468 1800 587 1895 Gorgo
621 1801 654 1873 d.
694 1825 839 1874 currens
873 1802 929 1874 IV
964 1801 1043 1898 alis,
1071 1809 1166 1874 veste
1192 1802 1303 1897 brevi,
1330 1803 1507 1897 anguibus
1535 1803 1652 1874 cincta
1678 1800 1749 1896 (vel
1775 1800 1860 1873 olim
1886 1799 2031 1871 fortasse

471 1943 544 1991 sese
570 1919 726 2014 cingens,
754 1944 836 1991 nam
861 1919 965 1991 hodie
991 1920 1135 1992 brachia
1162 1928 1196 1992 et
1222 1944 1348 1992 manus
1373 1920 1525 2014 desunt),
1553 1920 1690 2015 caligis,
1716 1917 1804 2013 ling.
1819 1941 1906 2012 ers,
1934 1917 2029 1990 dent.

476 2034 576 2107 mult.
612 2042 703 2107 extr.
740 2058 799 2106 ore
836 2060 964 2130 magu,
1001 2036 1093 2107 rictu
1120 2035 1306 2108 admodum
1333 2035 1417 2131 lato,
1444 2035 1544 2109 labro
1569 2035 1747 2133 superiore
1772 2033 1897 2107 latiore
1923 2058 2029 2130 quam

470 2151 568 2243 solet,
606 2150 711 2248 linea,
746 2175 836 2248 quae
873 2160 969 2224 trans
1004 2177 1113 2248 genas
1150 2153 1193 2224 ad
1231 2177 1333 2226 aurcs
1360 2178 1471 2250 usque
1496 2154 1728 2251 progreditur,
1755 2153 2030 2250 circumscripta,

469 2271 580 2343 oculis
615 2272 760 2344 auribus
795 2297 923 2367 magn,
961 2275 1048 2346 crin.
1084 2272 1239 2346 horrent.
1274 2281 1310 2345 et
1342 2274 1439 2368 grad.
1475 2273 1553 2347 defi.

469 2387 608 2483 Argilla
645 2396 753 2461 cocta.
797 2400 833 2454 :t:
879 2391 977 2463 O.50.
1020 2391 1213 2487 Repertum
1253 2389 1362 2463 Gelae
1389 2414 1484 2463 nunc
1521 2391 1559 2462 in
1593 2391 1686 2464 Mus.
1711 2389 1826 2463 Berol.
1853 2389 2025 2486 Panollra,

468 2505 694 2578 Terraeotten
726 2532 768 2578 zu
795 2506 915 2578 Berlin
946 2509 1017 2580 tab.
1046 2510 1104 2580 51.
1144 2507 1277 2602 llicali,
1305 2508 1421 2582 Storia
1448 2508 1481 2581 d.
1509 2515 1581 2581 ant.
1608 2532 1701 2605 pop,
1728 2508 1798 2580 tah.
1829 2511 1888 2580 51.
1917 2509 1975 2580 10.

479 2622 563 2720 Cap.
592 2621 768 2717 Gorgonis
794 2623 881 2718 ling.
909 2648 999 2719 exa,
1026 2625 1117 2698 rictu
1144 2625 1331 2698 admodum
1359 2624 1442 2711 lato,
1470 2625 1572 2698 mult.
1601 2625 1696 2696 dont.
1724 2630 1814 2698 extr.
1841 2647 2030 2719 oremagn.

471 2740 558 2814 crin.
586 2740 669 2836 div,
696 2741 781 2835 grad
821 2740 912 2838 defi,
940 2742 1060 2815 barba.

518 2858 681 2956 Purpura
714 2865 749 2930 et
782 2857 846 2930 liu.
878 2883 942 2932 scr.
979 2859 1017 2931 iu
1050 2883 1138 2932 ansa
1164 2860 1267 2955 nigra
1292 2862 1392 2955 (0.13
1421 2861 1465 2932 ad
1493 2863 1595 2942 oto)
1623 2863 1767 2934 crateris
1793 2860 2023 2946 Corinthiaci,

469 2974 507 3045 in
541 2998 630 3069 quo:
668 2998 698 3046 a.
729 2999 774 3046 m.
803 2999 829 3048 s.
858 2975 901 3046 ad
928 2976 973 3069 d,
1010 2976 1048 3049 Il
1082 2976 1214 3071 figurae
1252 2976 1360 3073 pallio
1386 2977 1545 3062 amictae,
1574 2977 1611 3048 Il
1637 2978 1783 3050 iuvenes
1809 3000 1896 3049 uvas
1921 2999 2029 3072 supra

470 3114 532 3163 vas
568 3091 731 3163 manibus
765 3094 1012 3188 exprimentes,
1049 3091 1105 3164 his
1144 3093 1337 3188 ceterisque
1372 3091 1494 3188 liguris
1529 3093 1667 3166 litterae
1705 3093 1900 3189 adscriptae
1943 3098 2027 3164 sunt

468 3206 597 3303 partim
630 3207 810 3292 evanidao,
848 3207 887 3280 ΙΙ
922 3209 1067 3281 iuvenes
1094 3209 1191 3302 nudi,
1217 3208 1342 3281 mulier
1368 3233 1394 3282 s.
1422 3216 1507 3282 ante
1533 3209 1633 3282 cuius
1658 3209 1762 3306 pedes
1786 3207 1861 3304 flos,
1889 3222 2026 3302 tersas,

471 3323 646 3412 'antotl
674 3325 711 3419 ¹),
750 3325 789 3396 II
823 3324 955 3420 figurae
990 3326 1099 3423 pallio
1134 3327 1293 3400 amictae.
1329 3328 1359 3422 )(
1391 3327 1497 3400 Miles
1531 3334 1689 3400 armatus
1724 3350 1804 3399 cum
1830 3350 1919 3422 equo
1945 3324 2026 3398 albo

469 3444 561 3515 inter
597 3441 728 3514 milites
766 3450 918 3515 armatos
947 3443 1040 3516 binis
1066 3443 1165 3538 equis
1191 3443 1384 3518 insidentes
1411 3468 1559 3540 quorum
1585 3444 1625 3516 II
1650 3443 1873 3541 praecedunt,
1900 3442 2026 3516 tertius

469 3562 646 3656 sequitur,
681 3584 764 3632 aves
797 3560 837 3632 Il
864 3560 1035 3634 volantes.
1072 3562 1146 3636 Sub
1172 3563 1268 3635 ansis
1294 3563 1339 3635 ad
1364 3564 1397 3636 d.
1426 3563 1502 3636 avis
1528 3563 1641 3662 capite
1667 3562 1834 3658 humano,
1861 3562 1906 3634 ad
1932 3586 1959 3635 s.
1986 3561 2026 3634 ΙΙ

467 3676 564 3772 galli.
591 3676 692 3749 Infra
718 3677 819 3749 ferae.
848 3676 925 3750 (lat.
952 3677 1134 3775 Campana
1157 3679 1224 3752 IV.
1252 3680 1310 3752 84.
1339 3679 1431 3756 Mus.
1459 3679 1549 3776 Lup.

416 3799 422 3828 ¹
469 3793 587 3889 Gorgo
625 3794 658 3865 d.
695 3817 837 3866 currens
873 3794 912 3866 II
947 3794 1014 3866 alis
1048 3796 1215 3881 recurvis,
1251 3801 1347 3868 resto
1386 3797 1495 3893 brevi,
1534 3797 1657 3892 caligis
1694 3795 1811 3891 alatis,
1837 3795 1952 3893 capite
1978 3808 2023 3873 ab

468 3911 588 4006 simili,
616 3911 698 3982 licet
725 3911 863 3982 labrum
891 3911 1050 4008 superius
1076 3910 1180 3983 lineis
1206 3912 1400 3986 indicatum
1427 3917 1474 3986 sit
1494 3915 1585 3987 sicut
1610 3914 1648 3986 iu
1665 3913 2018 3986 taetharhacareat.

517 4027 612 4099 Albo
646 4050 798 4123 corpore,
834 4026 936 4121 nigro
969 4051 1126 4124 purpura
1151 4027 1213 4099 lin.
1242 4052 1307 4103 scr.
1334 4029 1495 4102 inaneis
1523 4031 1774 4119 (0.l2—0.09)
1801 4030 1913 4108 (Anu.
1941 4028 2024 4101 dell'

470 4143 560 4217 Inst.
600 4144 694 4214 1874
737 4142 809 4215 tab.
844 4141 891 4237 N,
920 4141 981 4231 Ο.)
1009 4143 1154 4216 crateris
1180 4143 1397 4218 Corinthiaci
1424 4146 1540 4219 ornati
1567 4146 1780 4243 profectione
1805 4144 2029 4241 Amphiarai,

469 4258 648 4354 quadrigis
688 4266 722 4331 et
761 4257 929 4331 celetibus
969 4259 1197 4356 certantibus,
1223 4260 1399 4358 peditibus
1426 4262 1666 4359 pugnantibus
1692 4285 1840 4358 quorum
1866 4283 1959 4334 unus
1987 4262 2025 4332 in

469 4376 580 4475 clipeo
606 4375 713 4449 hahet
738 4376 893 4474 pictum:

468 4494 555 4591 Gap.
596 4494 772 4590 Gorgonis
811 4495 912 4568 cuius
950 4519 1032 4593 pars
1071 4519 1160 4592 quae
1185 4502 1363 4594 spectatur
1398 4505 1452 4570 sat
1477 4498 1567 4570 bene
1592 4521 1671 4569 cum
1697 4494 2027 4592 supramemoratis

468 4614 630 4710 quadrat,
658 4614 745 4709 quin
772 4614 878 4686 etiam
905 4613 1044 4686 labrum
1071 4613 1159 4686 illud
1186 4613 1347 4711 superius
1373 4615 1503 4689 clarius
1529 4615 1673 4687 indicat.
1700 4614 1798 4687 Mon.
1825 4612 1907 4686 dell’
1933 4612 2024 4687 Inst.

475 4730 566 4800 1874
594 4730 665 4801 tab.
693 4733 728 4825 4,
758 4733 791 4804 5.
817 4729 907 4826 Rop.
933 4729 1061 4825 Gaerc3
1088 4729 1182 4803 Mus.
1208 4730 1324 4804 Berol.

369 4847 432 4922 2b''
466 4845 552 4941 Cap.
580 4844 755 4940 Gorgonis
782 4845 907 4919 simile.
935 4846 1097 4919 Museum
1124 4846 1380 4942 Gregorianum
1408 4848 1447 4921 ΙΙ
1474 4849 1545 4921 tab.
1573 4850 1631 4921 23.
1660 4851 1693 4920 3.

363 5067 581 5082 *—

409 5210 432 5282 1)
451 5207 542 5285 Dryas
561 5207 677 5266 fortasse
697 5209 842 5280 Arcadica,
863 5230 932 5269 uxor
951 5211 1077 5283 Arcadis,
1098 5218 1250 5272 memoratu
1270 5232 1287 5270 a
1306 5212 1444 5271 Pausania
1464 5213 1549 5284 VIII,
1569 5218 1596 5271 4.
1617 5216 1645 5282 2,
1666 5215 1712 5274 37.
1733 5216 1779 5272 ll.

1805 5315 1827 5384 2
