4808 6390
1187 612 1235 683 55

379 714 427 778 ΙΙΙ

369 806 456 885 .14ι’
477 814 564 915 Cap.
599 816 777 914 Gorgonis
808 818 896 916 ling.
930 843 1017 916 exs,
1052 822 1143 897 rictu
1177 847 1298 922 parvo,
1335 824 1423 899 crin.
1459 827 1551 900 med.
1582 826 1666 922 div,
1694 827 1760 901 sub
1785 829 1887 903 cuius
1912 835 2033 902 mento

368 985 380 995 -
479 931 520 1008 11
543 958 679 1030 angues
703 944 909 1012 nascuntur.

528 1049 573 1124 In
598 1051 632 1124 d.
658 1051 777 1126 Persei
803 1054 850 1150 d.,
876 1053 990 1152 capite
1015 1077 1057 1150 s.,
1083 1077 1171 1150 equo
1197 1055 1301 1151 vecti,
1329 1055 1391 1150 qui
1417 1078 1445 1129 s.
1471 1054 1608 1153 harpen
1625 1063 1733 1129 tenet.
1759 1056 1861 1130 Infra
1887 1058 2036 1132 Medusa

368 1215 373 1223 ·
478 1168 524 1263 d.,
559 1167 628 1242 alis
660 1169 817 1244 recurvis
850 1171 1028 1268 expansis,
1062 1169 1216 1245 brachiis
1240 1171 1419 1269 expansis,
1453 1195 1536 1266 ang.
1563 1171 1691 1269 cincta,
1717 1173 1868 1269 genibus
1894 1174 2036 1271 nixa,e

369 1315 373 1353 ς
478 1283 578 1357 cuius
604 1283 736 1358 collum
763 1285 941 1384 Chrysaor
966 1287 1135 1362 nascitur.

369 1448 378 1457 .
526 1399 668 1495 Argilla
693 1408 802 1477 cocta.
828 1403 918 1502 Rep.
943 1404 982 1476 in
1003 1403 1123 1477 insula
1134 1403 1240 1476 Melo.
1267 1402 1471 1501 Millingen,
1497 1405 1590 1478 Ano.
1617 1403 1721 1476 uned.
1747 1428 1842 1477 mon.
1857 1405 1897 1481 Il
1912 1405 1984 1478 tab.
1999 1406 2034 1479 2.

527 1518 611 1593 Non
644 1544 787 1617 possum
820 1522 909 1617 quin
941 1521 1034 1596 hanc
1067 1529 1102 1595 et
1136 1522 1256 1617 aliam,
1291 1522 1412 1595 eodem
1446 1522 1522 1595 loco
1547 1530 1731 1620 repertam,
1757 1523 1911 1598 eiusdem
1936 1523 2035 1619 artis,

478 1659 662 1711 mensurae
687 1645 722 1711 et
747 1663 854 1736 prope
878 1640 1012 1735 figurae
1037 1639 1228 1735 imaginem
1252 1639 1537 1738 Bellerophontis
1563 1641 1635 1736 qui,
1657 1641 1781 1715 itidem
1797 1665 1886 1738 equo
1901 1648 2033 1738 rectus,

478 1750 701 1827 Chimaeram
735 1762 928 1853 oppugnat,
962 1756 1008 1830 ad
1042 1755 1245 1853 exemplum
1270 1755 1351 1829 solii
1375 1756 1582 1853 Aesculapii
1608 1755 1797 1854 Epidaurii
1823 1757 1936 1831 lactas
1961 1780 2037 1831 esse

477 1868 694 1945 crediderim.
734 1872 788 1946 De
822 1873 889 1947 hoo
921 1874 1010 1946 solio
1045 1873 1169 1946 scribit
1206 1871 1405 1946 Pausanias
1445 1871 1500 1967 (Π
1539 1872 1599 1946 27.
1640 1875 1698 1964 2):
1737 1875 1791 1964 τῷ
1829 1871 1956 1965 θρόνῳ
1992 1865 2036 1943 δὲ

475 1984 609 2078 ἡρώων
630 1986 905 2081 ἐπειργασμένα
930 1988 1113 2082 Ἀργείων
1137 1986 1247 2059 ἐστὶν
1271 1985 1376 2079 ἔργα,
1402 1983 1712 2075 Βελλεροφόντου
1737 1986 1781 2058 τὸ
1807 1986 1849 2070 ἐς
1874 1989 1944 2077 τὴν
1967 1990 2035 2082 χί-

397 2148 399 2153 .
476 2118 629 2188 gaspar
665 2096 734 2166 καὶ
770 2096 942 2187 Περσεὺς
973 2095 1124 2188 ἀφελὼν
1150 2098 1218 2184 τὴν
1243 2090 1449 2180 Μεδούσης
1471 2095 1650 2186 κεφαλήν.
1702 2099 1936 2196 Aesculapius
1961 2099 2035 2195 ille,

477 2220 566 2288 teste
599 2214 779 2290 Pausania
811 2217 837 2290 l.
864 2218 902 2313 l.,
936 2241 1024 2316 opus
1059 2226 1134 2292 erat
1170 2218 1423 2316 Thrasymedis
1450 2218 1617 2313 Arignoti
1644 2217 1669 2289 l.
1695 2215 1804 2311 Parii,
1832 2225 1868 2290 et
1894 2217 1924 2288 si
1950 2216 2036 2312 quid

478 2331 728 2427 Athenagorae
753 2333 835 2430 (leg.
862 2358 936 2431 pro.
963 2333 1093 2408 Christ.
1124 2336 1181 2407 14.
1209 2358 1266 2430 pg.
1296 2335 1339 2406 61
1368 2333 1423 2407 ed.
1449 2331 1619 2422 Dachair)
1644 2330 1856 2404 credendum
1882 2337 2038 2427 astarte

478 2446 649 2523 Phidiaca
672 2449 787 2524 factus
812 2458 897 2525 erat.
949 2452 1104 2549 Tempus
1137 2452 1248 2546 igitur
1282 2450 1415 2549 optime
1441 2451 1602 2546 quadrat,
1632 2473 1746 2545 neque
1772 2456 1826 2522 est
1852 2472 1915 2522 aur
1941 2473 2036 2546 mag·

480 2589 608 2663 nopere
634 2565 802 2639 miremur
827 2568 857 2641 si
882 2568 962 2664 quis
987 2568 1117 2642 Melius
1143 2567 1283 2662 artifex,
1311 2568 1543 2665 Epidaurum,
1570 2566 1616 2639 ad
1630 2566 1895 2640 celeberrimum
1911 2567 2036 2640 fanum

479 2683 667 2781 profectus,
694 2691 825 2782 postea,
851 2685 992 2759 domum
1018 2709 1190 2781 reversus,
1217 2684 1282 2758 hos
1308 2691 1412 2781 typos
1438 2684 1594 2758 finxerit.

528 2798 571 2872 Id
603 2805 743 2873 tantum
776 2800 894 2875 obstat
926 2809 1039 2874 artem
1072 2800 1173 2874 illam
1209 2824 1290 2874 cum
1316 2808 1391 2874 arte
1416 2799 1540 2874 Attica
1565 2798 1658 2873 nihil
1684 2823 1870 2873 commune
1894 2798 2034 2893 habere,

479 2915 587 2987 immo
620 2915 659 2987 in
689 2939 858 3011 equorum
892 2940 1035 3015 corpore
1067 2917 1273 3015 praesertim
1306 2916 1466 3013 proxime
1501 2916 1545 2988 ad
1570 2916 1670 2989 illam
1695 2940 1801 3012 quam
1827 2915 2035 3014 prudentius

479 3029 595 3102 adhuc
620 3029 868 3128 Olympiacam
893 3032 1249 3129 dicemus„accedere
1276 3033 1334 3124 (of.
1361 3032 1485 3106 Funde
1511 3056 1545 3104 r.
1573 3032 1741 3130 Olympia
1766 3032 1806 3105 Il
1832 3033 1904 3105 tab.
1920 3031 1968 3126 8).
1987 3073 2035 3083 -

377 3207 381 3215 .
481 3146 667 3242 Capitibus
692 3171 861 3243 equorum
887 3149 979 3222 nihil
1004 3174 1110 3246 quam
1136 3157 1243 3248 caput
1267 3149 1396 3245 Pegasi
1420 3149 1459 3221 in
1472 3149 1627 3222 nummis
1641 3147 1878 3224 Corinthiacis
1892 3147 2039 3244 quibus·

371 3323 378 3334 ,
479 3264 560 3336 dam
599 3263 752 3339 similius
790 3265 875 3339 ridi.
915 3309 964 3320 —
1002 3267 1057 3340 Ea
1093 3273 1213 3341 umen
1250 3265 1441 3340 difficultas
1491 3265 1628 3338 duobus
1653 3265 1767 3338 modis
1793 3264 1883 3339 solvi
1909 3270 2036 3363 potest.

477 3381 554 3453 Aut
596 3380 738 3475 artifex,
780 3382 956 3478 imagines
990 3384 1077 3456 artis
1124 3383 1262 3456 alienae
1305 3383 1473 3455 memoria
1508 3389 1643 3476 tenens,
1679 3381 1761 3454 illas
1797 3379 1962 3475 fingendo
1996 3380 2036 3452 in

479 3493 620 3568 solitam
654 3503 766 3569 artem
801 3498 919 3594 vertit,
957 3506 1020 3571 aut
1054 3523 1099 3572 ex
1124 3499 1374 3593 Athenagorae
1399 3497 1517 3572 verbis
1541 3497 1634 3570 nihil
1659 3497 1813 3595 amplius
1838 3497 2033 3570 eruendum

479 3620 533 3686 est
558 3637 665 3708 quam
690 3612 785 3709 quod
809 3615 1014 3712 Aesculapii
1031 3615 1172 3711 signum
1185 3615 1301 3689 medio
1314 3614 1431 3688 seculo
1445 3614 1481 3687 V
1494 3640 1539 3687 ex
1553 3615 1656 3688 ebore
1669 3637 1710 3688 ao
1723 3613 1956 3687 aurofactum
1969 3619 2034 3686 est.

530 3729 588 3802 Ad
614 3729 681 3802 hoo
707 3753 846 3827 quoque
871 3756 984 3827 genus
1010 3740 1175 3830 typorum
1200 3732 1355 3830 pertinet
1390 3731 1628 3827 fragmentum
1654 3755 1699 3804 ex
1723 3730 1842 3803 insula
1866 3729 2033 3828 Cythera,

478 3846 639 3918 nuncin
664 3845 758 3919 Mus.
784 3847 902 3921 Berol.
929 3848 1052 3943 (Arch.
1079 3849 1249 3924 Zeitsehr.
1279 3850 1386 3943 1882,
1413 3848 1486 3921 tab.
1512 3848 1547 3920 8.
1575 3848 1632 3941 2):

529 3960 628 4032 Aiax
663 3961 899 4035 Cassandram
936 3966 1077 4062 rapiens
1119 3988 1208 4062 qnae
1245 3963 1402 4063 profugit
1437 3962 1481 4034 ad
1519 3960 1723 4035 Palladium
1762 3961 1863 4034 cuius
1897 3955 2035 4032 medius

479 4075 614 4173 clipeus
639 4077 804 4152 exhibet:

382 4192 452 4281 (IV
478 4190 564 4290 Cap.
592 4192 769 4288 Gorgonis
795 4195 981 4291 tumidum,
1009 4197 1081 4270 fere
1106 4202 1147 4269 ut
1171 4195 1307 4290 Tegeae
1334 4198 1368 4291 5,
1401 4194 1501 4268 nulla
1526 4193 1626 4290 ling,
1654 4192 1759 4289 rictu,
1786 4191 1890 4286 mod,
1916 4195 2034 4264 mento

380 4308 439 4404 2ο)
480 4310 565 4406 dir,
592 4310 680 4383 crin.
706 4310 745 4382 in
771 4310 897 4384 fronte.
1334 4399 1337 4404 ‚

504 4427 609 4500 ‘Nisi
645 4450 772 4522 genere
804 4427 911 4503 huius
945 4429 1071 4526 capitis
1105 4427 1263 4500 monitus
1296 4451 1418 4523 essem,
1456 4426 1523 4499 hoc
1548 4431 1787 4522 fragmentum
1812 4423 1900 4496 artis
1926 4422 2033 4519 paulo

479 4541 693 4638 antiquioris
719 4565 794 4616 esse
818 4544 1034 4618 crediderim.
1061 4544 1180 4618 Medio
1206 4543 1303 4616 enirn
1328 4543 1445 4617 seculo
1466 4543 1527 4642 ,IV
1553 4543 1615 4616 rix
1642 4549 1705 4630 est
1722 4539 1916 4637 antiquius.
2038 4593 2040 4599 .

528 4797 653 4892 Neque
691 4806 845 4895 tempore
877 4823 990 4895 neque
1015 4807 1091 4873 arte
1114 4825 1136 4873 a
1161 4799 1336 4897 prioribus
1360 4797 1530 4895 exemplis
1555 4797 1711 4872 familiae
1736 4806 1780 4880 14
1804 4798 1909 4892 longe
1934 4800 2034 4870 abest

480 4910 719 5007 fragmentum
743 4915 913 4988 adtritum
937 4917 977 4988 in
1002 4915 1114 5013 clipeo
1139 4916 1291 5012 quodam
1315 4915 1354 4987 in
1371 4912 1498 5010 pluteo
1523 4913 1645 5011 templi
1671 4914 1854 4988 Minervae
1866 4913 2032 4986 victricis:

377 5025 430 5091 415
480 5025 568 5124 Cap.
595 5027 773 5124 Gorgonis
798 5029 886 5126 ling.
913 5033 1031 5129 axaf,
1057 5032 1152 5124 dent.
1179 5055 1291 5128 parv,
1317 5030 1416 5103 labro
1442 5052 1519 5126 sup.
1545 5029 1584 5101 in
1610 5052 1682 5104 arc.
1708 5029 1779 5125 fig,
1796 5028 1887 5102 ocul.
1903 5052 2034 5125 magn,

480 5168 635 5244 supero,
661 5146 749 5221 crin.
776 5147 896 5221 nunus
921 5155 1043 5221 ornate
1068 5148 1259 5246 dispositis,
1284 5147 1398 5242 ang?
1422 5145 1516 5218 infra
1540 5145 1632 5218 nodo
1656 5145 1797 5219 iunctis.
