4898 6420
1296 557 1343 628 88

541 773 639 845 Haec
678 794 742 844 nos
777 771 821 844 ad
847 770 904 843 IV
930 770 1086 844 seculum
1112 768 1345 842 deduxerunt.
1372 767 1418 839 Iu
1443 790 1483 838 eo
1508 764 1622 864 primo
1647 765 1723 838 loco
1752 768 1989 836 memorentur
2013 761 2150 833 nummi

493 886 811 985 Neapolitanorum
847 884 903 958 Ill
930 893 1071 980 611-111,
1110 909 1166 982 pg.
1203 885 1262 978 23,
1304 886 1351 955 24
1387 880 1699 978 (Olbiopolitarum
1732 888 1772 954 dc
1805 893 1828 964 1,
1853 903 1911 977 pg.
1940 881 2000 973 26,
2027 879 2089 971 26)
2114 883 2150 950 61

490 1004 652 1077 bracteae
677 1027 804 1076 aureae
828 1003 867 1075 in
892 1002 1104 1101 Scytharum
1129 1001 1277 1075 tumulis
1305 1007 1474 1096 repertae,
1500 993 1626 1082 sac-a,
1653 1022 1711 1096 pg.
1739 998 1797 1092 27,
1824 997 1885 1092 qui
1901 1002 2038 1092 typum,
2049 993 2149 1089 genis

494 1119 727 1216 mollioribus,
765 1120 858 1193 rictu
895 1119 1043 1215 modico,
1080 1118 1257 1192 cincinnis
1296 1118 1503 1215 plerumque
1543 1116 1670 1210 longis,
1698 1113 1883 1213 postremis
1907 1112 2012 1184 annis
2039 1109 2147 1184 seculi

493 1236 621 1335 prioris
647 1243 774 1327 ortum,
801 1236 845 1307 ad
872 1235 1024 1308 medium
1051 1236 1123 1308 fere
1148 1234 1308 1308 seculum
1322 1257 1482 1307 -anno
1509 1234 1580 1306 356
1594 1230 1783 1328 Philippus
1795 1227 1984 1327 Neapolim
1997 1226 2035 1298 in
2048 1249 2149 1299 suam

494 1360 703 1450 potestatem
727 1352 860 1448 redegit
886 1395 934 1406 -
960 1353 1137 1448 integrum
1164 1359 1404 1426 servaverunt.

544 1469 732 1544 Nummuli
758 1469 934 1566 Corinthi,
962 1470 1170 1564 Leucadiae,
1197 1470 1394 1564 Anactorii,
1415 1468 1470 1542 Ill
1488 1466 1635 1563 lta'-f,
1650 1473 1789 1562 l3a-c,
1803 1466 1846 1538 de
1861 1487 2009 1560 quorum
2023 1483 2148 1557 genere

492 1587 565 1660 iam
591 1587 721 1682 pagina
746 1586 923 1682 superiore
946 1587 1013 1681 egi,
1043 1587 1179 1658 nummi
1204 1586 1428 1683 Apolloniae,
1456 1584 1527 1658 fere
1556 1586 1713 1679 11-23,
1732 1608 1789 1681 pg.
1805 1585 1852 1654 42
1867 1587 1902 1654 et
1915 1579 2013 1653 Parii
2026 1600 2147 1651 omnes

494 1701 540 1774 ad
575 1700 822 1774 Alexandrum
863 1701 919 1774 vel
955 1703 1063 1775 etiam
1100 1702 1145 1775 ad
1170 1703 1275 1775 finem
1304 1701 1414 1774 seculi
1441 1701 1635 1774 deducendi
1660 1711 1754 1773 sunt.
1782 1699 1920 1771 Horum
1945 1704 2064 1768 tamen
2089 1717 2147 1766 ars

495 1843 568 1892 non
596 1819 699 1891 multi
726 1820 817 1916 preti
854 1827 908 1893 est
946 1820 1015 1894 nisi
1050 1821 1089 1892 in
1112 1821 1325 1917 Apolloniae
1351 1823 1409 1914 21,
1439 1813 2146 1917 121,611166161111111120,611”,111

492 1945 605 2011 artem
631 1938 815 2032 antiquam
840 1938 978 2011 curiose
1003 1938 1176 2013 imitatur.
1208 1938 1261 2011 De
1285 1938 1352 2011 hoc
1377 1937 1602 2033 antiquitatis
1628 1935 1745 2008 studio
1768 1934 1823 2029 egi
1847 1934 1892 2007 ad
1917 1932 1974 2005 IV
2000 1939 2052 2025 36,
2078 1930 2147 2004 Μ1-

493 2076 639 2126 nervam
672 2053 915 2147 Drasdenscm,
951 2079 1007 2151 pg.
1047 2056 1105 2148 63,
1142 2055 1285 2150 eiusque
1316 2053 1493 2148 originem
1519 2053 1562 2125 ad
1589 2051 1746 2150 Philippi
1771 2057 1921 2124 aetatem
1947 2048 2144 2120 359-336

489 2168 676 2262 adsignare
701 2178 848 2242 conatus
874 2193 963 2242 sum.

539 2284 633 2358 Illud
659 2287 775 2382 ipsum
801 2300 912 2380 genus
938 2286 995 2359 IV
1020 2311 1078 2384 pg.
1108 2288 1155 2359 60
1181 2311 1271 2383 sqq,
1295 2288 1469 2360 tumidum
1487 2295 1523 2360 ct
1538 2286 1739 2379 rotundum,
1753 2284 1845 2357 rictu
1857 2282 2010 2380 primum
2024 2303 2144 2378 parvo,

490 2426 573 2475 mox
611 2426 669 2475 ore
708 2403 838 2497 clauso,
876 2403 1120 2497 cognationem
1159 2427 1240 2476 cum
1273 2402 1411 2476 familia
1451 2402 1574 2474 11114
1612 2401 1718 2475 habet
1742 2406 1778 2472 61
1802 2398 1943 2495 quidem
1970 2396 2078 2470 talem
2102 2403 2142 2468 ut

488 2541 592 2615 saepe
625 2519 840 2615 exemplaria
870 2520 968 2592 brevi
1007 2520 1235 2617 discriptione
1274 2520 1412 2592 decerni
1453 2543 1525 2591 non
1565 2518 1713 2615 possint,
1748 2517 1790 2590 de
1824 2523 1899 2588 arte
1934 2523 2053 2586 tamen
2078 2513 2141 2586 vix

491 2633 634 2706 errabis.
687 2634 840 2706 Familia
874 2637 970 2708 enim
1006 2636 1059 2708 ΙΙΙ
1096 2636 1139 2704 14
1169 2637 1208 2709 in
1241 2637 1414 2734 principio
1446 2635 1661 2731 exemplaria
1692 2634 1800 2706 habet
1830 2632 1977 2729 pinguia
2002 2630 2143 2725 quidem

486 2750 546 2823 sed
582 2772 653 2821 non
682 2750 883 2846 invenusta,
921 2753 980 2824 sed
1016 2753 1071 2826 illi
1106 2754 1167 2848 qui
1207 2777 1318 2847 genus
1354 2752 1410 2825 IV
1445 2753 1626 2824 finxerunt
1663 2748 1889 2848 pinguedinis
1913 2754 1948 2820 et
1973 2769 2139 2840 rugarum

483 2868 708 2964 expressione
732 2867 908 2962 Gorgonis
933 2869 1111 2942 horrorem
1138 2871 1333 2966 exprimere
1359 2871 1477 2942 conati
1503 2875 1597 2942 sunt.

534 2982 636 3078 Cum,
670 3008 732 3080 per
762 2985 923 3080 proxima
958 2987 1079 3059 secula
1103 2986 1147 3059 ad
1172 2986 1189 3056 Ι
1219 2994 1298 3083 post
1323 2985 1505 3060 Christum
1531 2993 1655 3059 natum
1680 3008 1800 3080 usque,
1826 2982 1986 3078 equidem
2012 2980 2136 3074 adhuc,

482 3099 552 3171 nisi
588 3098 732 3172 aliunde
765 3107 862 3174 aetas
897 3108 1045 3199 constet,
1081 3126 1100 3174 6
1134 3101 1301 3196 Gorgone
1334 3101 1411 3174 eius
1445 3103 1584 3196 generis
1618 3103 1705 3200 ipsa,
1746 3098 1837 3172 nihil
1862 3098 1933 3171 sere
1958 3097 2000 3169 de
2024 3101 2138 3168 aetate

481 3217 655 3290 extricare
680 3219 821 3314 possim,
848 3219 884 3290 id
911 3244 1022 3314 genus
1051 3244 1123 3293 non
1148 3220 1187 3292 in
1213 3244 1284 3293 uno
1311 3242 1450 3315 quoque
1476 3219 1594 3293 seculo
1619 3217 1830 3291 memorabo.

529 3333 688 3406 Eandem
714 3359 874 3408 normam
899 3336 938 3408 in
964 3337 1136 3435 proximis
1161 3337 1348 3431 generibus
1373 3360 1512 3433 sequar.

532 3450 696 3524 Seculum
730 3476 869 3549 quoque
902 3453 967 3550 IV,
1005 3456 1035 3529 si
1070 3461 1162 3527 recte
1195 3461 1403 3548 argumenta
1438 3453 1650 3551 computari,
1694 3453 1865 3547 originem
1902 3449 2040 3545 generis
2070 3447 2134 3543 Vl,

480 3566 579 3663 alati,
616 3592 672 3665 pg.
706 3571 753 3642 to
780 3594 870 3668 sqq,
896 3572 997 3666 vidit,
1023 3596 1148 3645 verum
1174 3578 1275 3645 tanta
1300 3570 1480 3666 hucusque
1506 3571 1691 3644 diversitas
1717 3569 1754 3641 in
1781 3575 1853 3640 tam
1874 3590 1979 3665 parca
1990 3564 2136 3638 materia

483 3683 665 3757 invenitur
690 3693 730 3758 ut
757 3687 860 3760 valde
886 3688 989 3785 cupio
1016 3689 1086 3762 tals
1112 3689 1282 3784 quidquid
1309 3691 1348 3760 in
1373 3689 1504 3761 muscis
1529 3687 1642 3760 lateat
1666 3687 1702 3759 id
1719 3708 1918 3757 omnemox
1932 3682 2065 3756 editum
2079 3680 2135 3755 iri.

533 3798 655 3873 Genus
681 3801 717 3872 V
743 3803 918 3900 pulcrum,
944 3828 1001 3902 pg.
1032 3807 1079 3877 64
1106 3829 1194 3902 sqq,
1221 3806 1298 3878 sine
1321 3805 1439 3900 dubio,
1465 3809 1506 3875 ut
1531 3828 1576 3876 ex
1602 3804 1754 3876 crinium
1778 3800 2006 3898 dispositione
2028 3820 2136 3895 appa·

484 3923 548 4012 ret,
588 3943 630 3991 ex
674 3919 810 3993 familia
845 3920 897 3992 llI
924 3924 966 3990 12
992 3922 1162 4016 originem
1187 3922 1294 3996 ducit.
1330 3923 1409 3996 Hoc
1435 3945 1475 3993 ea
1503 3921 1612 4016 igitur
1638 3920 1808 4017 posterior
1834 3919 1880 3991 sit
1905 3939 2045 3989 necesse
2070 3920 2134 3987 est.

483 4034 560 4107 Nec
593 4036 623 4107 11
648 4060 704 4108 me
729 4038 852 4110 audies
877 4039 991 4134 prima
1016 4038 1189 4136 exempla,
1215 4040 1254 4111 in
1279 4039 1471 4112 nummulis
1498 4038 1687 4112 Coronaeis
1714 4041 1823 4131 4-6,
1850 4060 1908 4133 pg.
1937 4037 1983 4106 29
2012 4039 2047 4105 61
2074 4036 2133 4127 64,

480 4174 575 4223 anno
602 4152 673 4223 338
701 4153 920 4249 antiquiores
944 4179 1019 4228 esse
1044 4155 1255 4254 perhibebis.
1282 4156 1372 4230 Cum
1398 4163 1516 4229 autem
1550 4180 1661 4250 genus
1685 4154 1773 4250 VII,
1800 4154 1934 4226 alatum
1959 4150 2133 4247 pulcrum,

479 4290 538 4363 pg.
566 4268 612 4338 72
628 4291 716 4364 sqq,
743 4293 814 4341 non
839 4270 953 4343 multo
979 4271 1154 4343 recentius
1179 4295 1254 4344 6116
1276 4273 1385 4368 possit
1398 4315 1444 4325 —
1459 4272 1593 4344 nummi
1608 4272 1703 4344 enim
1715 4270 1815 4344 aenei
1829 4268 1975 4362 Seleuci,
1991 4267 2067 4340 VII
2082 4275 2132 4362 16,

479 4383 575 4455 intra
608 4409 743 4457 annum
780 4388 850 4460 306
878 4393 913 4460 61
939 4389 1013 4461 280
1039 4388 1114 4461 6111
1141 4395 1225 4461 sunt
1251 4430 1298 4442 -
1325 4388 1476 4487 suspicio
1503 4391 1615 4462 oritur
1639 4413 1750 4484 genus
1774 4387 1811 4460 V
1835 4412 1881 4461 ex
1906 4409 2031 4482 genere
2055 4384 2133 4458 VII

477 4507 513 4571 ct
546 4499 635 4572 illud
664 4525 708 4574 ex
744 4502 880 4577 familia
913 4503 972 4577 ΠΙ
1011 4502 1052 4571 12
1086 4510 1202 4576 ortum
1246 4527 1332 4577 esse.
1383 4505 1528 4579 Artifex
1563 4506 1705 4601 quidam
1731 4506 1833 4578 nobis
1858 4505 2000 4598 ignotus
2026 4508 2133 4598 caput

481 4614 657 4710 Gorgonis
691 4618 855 4715 pulcrum
890 4620 1025 4694 alatum
1064 4620 1219 4715 finxerit,
1246 4620 1371 4694 deinde
1395 4621 1467 4717 alii,
1494 4622 1540 4694 ab
1565 4646 1605 4695 eo
1629 4623 1722 4695 docti
1748 4621 1949 4716 Gorgonem
1973 4617 2133 4715 pulcram

477 4756 553 4805 esse
589 4756 700 4830 posse,
736 4759 812 4809 eam
841 4736 945 4810 solito
970 4761 1078 4832 more,
1105 4737 1182 4810 aine
1206 4736 1284 4834 alis,
1310 4736 1514 4810 caelassent.
1542 4738 1675 4812 Verum
1700 4738 1786 4811 haec
1811 4736 1963 4834 suspicio
1988 4734 2127 4832 probari

477 4847 659 4945 hucusque
695 4852 829 4946 nequit.
880 4853 1056 4926 Auctores
1096 4852 1157 4949 qui
1197 4859 1303 4950 caput
1328 4852 1503 4949 Gorgonis
1528 4853 1661 4927 alatum
1687 4853 1911 4927 meminerint
1936 4874 2008 4925 non
2033 4850 2128 4944 nori,

476 4965 538 5060 qui
564 4964 766 5062 Gorgonem
794 4967 952 5066 pulcram
980 4968 1087 5043 fuisse
1113 4969 1299 5068 perhibent
1324 4992 1399 5042 sero
1424 4970 1499 5042 nati
1526 4978 1610 5044 sunt
1633 4995 1739 5067 quam
1765 4979 1806 5044 ut
1830 4994 1874 5043 ex
1900 4969 1944 5041 iis
1957 4967 2000 5040 de
2016 4971 2130 5040 aetate

475 5082 561 5178 quid
587 5082 750 5158 efficeres.
