4808 6390
622 1553 888 1629 CAPUT
936 1553 999 1629 III
1047 1551 1138 1628 DE
1189 1552 1558 1630 ORIGINE.

315 1821 368 1894 De
393 1819 528 1914 origine
552 1818 683 1916 triplex
708 1825 761 1892 est
785 1821 962 1917 quaestio:
988 1819 1073 1914 quid
1099 1818 1157 1915 sit,
1184 1818 1245 1891 ubi
1271 1818 1328 1913 sit,
1355 1819 1449 1892 unde
1474 1819 1521 1892 sit
1546 1818 1675 1915 Gorgo.

315 1936 372 2009 Ad
397 1941 547 2032 primam
573 1935 813 2031 quaestionem
839 1936 908 2008 tris
932 1942 1017 2009 sunt
1041 1935 1266 2031 antiquorum
1291 1957 1469 2031 responsa.

314 2051 345 2125 I.
396 2050 603 2126 Gonsouns
628 2071 678 2124 nu
703 2071 806 2125 runs
830 2072 872 2126 m
898 2052 1023 2126 me
1047 2070 1236 2146 aurnuns,
1263 2051 1455 2124 secundum
1478 2050 1566 2126 alios
1579 2047 1921 2150 ὄογριοιινονοιῑιιος,Ι

264 2166 455 2242 secundum
480 2165 568 2239 alios
591 2166 733 2261 reginae
758 2167 890 2241 eximin
915 2167 1164 2265 pulcritudine.
1190 2167 1388 2240 Auotorum
1412 2166 1491 2240 loca
1525 2167 1604 2240 vide
1627 2167 1720 2264 apud
1746 2167 1915 2242 Levezow

263 2287 335 2381 (pg.
364 2286 435 2356 143
461 2284 552 2380 sqq.)
578 2284 652 2380 qui,
680 2285 830 2382 priorem
856 2286 1067 2360 sententiam
1093 2283 1286 2383 amplexus,
1321 2285 1485 2358 mulieres
1510 2285 1591 2358 illas
1617 2284 1708 2359 nihil
1733 2284 1829 2359 aliud
1845 2286 1916 2360 nisi

263 2399 444 2472 simiarum
481 2422 593 2493 genus
630 2398 738 2473 unsre
775 2401 1041 2476 demonstravit.
1094 2401 1193 2474 Haec
1218 2406 1337 2474 tamen
1363 2399 1481 2498 opinio
1505 2401 1654 2475 nimium
1678 2400 1915 2476 Euhemerum

263 2514 357 2612 sapit
383 2516 422 2608 1).

313 2630 363 2703 ΙΙ.
417 2631 614 2704 Gesacum
639 2650 761 2704 curun
786 2650 935 2704 usurus
960 2651 1001 2705 1u
1027 2650 1123 2705 onan
1148 2651 1277 2705 nouus
1302 2649 1379 2704 ssu.
1404 2628 1639 2723 Γοργόνειον
1664 2631 1733 2716 τὴν
1758 2629 1914 2716 σελήνην

263 2739 334 2815 διὰ
356 2744 401 2814 τὸ
424 2745 465 2818 ἐν
488 2745 585 2838 αὐτῇ
607 2746 810 2838 πρόσωπον
848 2771 924 2822 esse
957 2772 1004 2821 ex
1040 2747 1195 2846 orphicis
1220 2747 1354 2846 profert
1378 2748 1555 2844 Epigenes
1579 2748 1672 2845 apud
1698 2747 1914 2822 Clementem

263 2863 551 2938 Alexandrinum
588 2863 770 2959 (Stromat.
796 2863 843 2936 V.
872 2866 893 2937 8
920 2866 941 2959 ᾗ
967 2866 1040 2956 50).
1081 2866 1187 2939 Hanc
1212 2864 1424 2938 sententiam
1454 2864 1546 2938 inter
1571 2864 1660 2938 alias
1685 2862 1916 2938 defenderunt

263 2979 413 3054 Oreuzer
450 2979 649 3077 (Symbolik
679 2980 700 3053 I
727 3005 784 3078 pg.
812 2981 884 3052 794
910 2987 946 3053 et
972 2981 1012 3054 ΙΙ
1039 3005 1097 3078 pg.
1125 2982 1214 3075 434)
1253 2981 1373 3076 inepte
1410 2987 1445 3052 et
1470 2981 1544 3053 dux
1569 2981 1771 3078 Luyuensis
1795 2980 1916 3077 (Culte

261 3096 297 3168 d'
317 3096 452 3170 Hecate
475 3120 534 3193 pg.
562 3098 626 3192 50)
651 3096 871 3192 ingeniosius
896 3120 1002 3192 quam
1029 3097 1160 3172 verius.
1203 3096 1324 3170 Huius
1348 3102 1466 3169 tamen
1493 3098 1710 3193 argumentis
1735 3097 1838 3192 louge
1863 3099 1915 3173 in·

262 3209 366 3283 cilius
389 3210 683 3284 demonstraveris
710 3209 886 3306 Gorgonis
912 3218 1020 3309 caput
1045 3212 1156 3286 solem
1181 3234 1256 3285 esse
1283 3234 1389 3307 quam
1412 3210 1547 3286 lunam.

311 3324 471 3423 Utraque
504 3333 623 3399 tamen
649 3326 770 3424 opinio
794 3349 876 3399 cum
901 3327 1039 3400 cunctis
1065 3326 1137 3401 fere
1163 3332 1345 3423 poctarum
1371 3325 1458 3399 loeis
1483 3327 1741 3424 antiquioribus
1765 3337 1913 3427 pugnat.

263 3440 418 3538 Pugnat,
458 3443 550 3538 quod
588 3449 695 3540 caput
728 3442 779 3514 rei
813 3448 877 3537 est,
913 3465 994 3515 cum
1032 3441 1238 3537 genealogia
1263 3440 1451 3537 Hesiodea,
1480 3450 1615 3540 pugnat
1639 3468 1720 3517 cum
1745 3444 1911 3540 Homero,

261 3585 342 3633 cum
367 3558 535 3653 Pindaro,
563 3583 643 3632 oum
674 3558 865 3655 Aeschylo,
880 3582 962 3632 nam
980 3583 1094 3655 neque
1111 3557 1163 3631 sol
1177 3580 1290 3653 neque
1303 3557 1390 3630 luna
1403 3560 1498 3639 Διὸς
1512 3561 1622 3650 τέρας
1649 3557 1912 3651 αἰγιόχοιο

262 3674 321 3763 (Il.
347 3673 383 3745 V
408 3675 496 3768 742)
521 3673 590 3746 dici
615 3680 740 3771 potest,
767 3696 880 3770 neque
903 3672 1058 3745 λίθινον
1082 3670 1258 3747 θάνατον
1290 3671 1409 3766 (Pind.
1434 3673 1473 3746 X
1499 3675 1562 3768 48)
1587 3673 1711 3770 obfert,
1736 3698 1849 3771 neque
1872 3675 1912 3749 hi

262 3798 346 3864 sunt
369 3790 420 3872 ἃς
444 3788 584 3874 θνητὸς
608 3782 734 3870 οὐδεὶς
758 3780 915 3859 εἰσιδὼν
936 3786 1007 3866 ἕξει
1031 3783 1155 3862 πνοάς
1180 3787 1322 3875 (Aesoh.
1348 3788 1465 3862 Prom.
1492 3790 1591 3886 800).

310 3905 440 3980 Omnis
461 3905 548 3978 haec
572 3930 592 3977 e
615 3905 720 3978 tertia
744 3904 911 4002 opinione
936 3902 1044 3976 facile
1069 3901 1302 3999 explicantur.

310 4022 382 4094 ΙΙΙ.
432 4021 595 4094 Munuss
620 4039 743 4095 nunus
767 4038 987 4093 ruuuussus
1011 4037 1089 4091 usr.
1128 4017 1246 4091 Huius
1283 4018 1459 4115 opinionis
1493 4020 1683 4117 primordia
1718 4021 1789 4095 iam
1813 4023 1906 4119 apud

299 4289 320 4361 ¹)
339 4286 369 4346 Si
394 4285 508 4345 omniuo
537 4285 587 4363 qui
606 4286 765 4361 Gorgonem
784 4284 925 4355 fluxerint.
945 4284 980 4344 do
999 4283 1057 4343 lars
1075 4282 1267 4361 cogitaverint,
1285 4284 1320 4343 do
1339 4303 1430 4362 augus
1450 4286 1543 4365 potius
1561 4285 1696 4362 cogitasse
1714 4305 1761 4345 eos
1779 4287 1910 4345 credide-

257 4382 322 4451 rim,
343 4399 423 4458 ssspo
442 4379 516 4438 euim
535 4378 674 4455 Gorgonis
692 4384 736 4437 ost
752 4378 925 4438 adtributum
944 4385 981 4449 st,
1011 4377 1088 4456 quod
1107 4396 1152 4437 me
1170 4377 1201 4436 iu
1219 4377 1292 4436 hauc
1311 4378 1474 4438 sententium
1492 4379 1617 4457 impulit,
1636 4378 1697 4438 eius
1715 4379 1809 4438 locum
1826 4397 1913 4438 occu·

258 4482 307 4552 pst
325 4474 355 4532 in
374 4472 504 4532 Herculis
522 4471 610 4550 clipeo
629 4471 724 4549 ibique
743 4471 783 4531 sic
802 4471 962 4550 depingitur
979 4477 1012 4530 ut
1030 4470 1103 4531 nihil
1121 4471 1250 4531 interesse
1270 4471 1415 4532 videatur:

258 4588 285 4628 r.
305 4570 362 4627 144
635 4565 667 4631 ἐν
686 4573 733 4643 μό
741 4592 810 4643 στω
830 4570 862 4631 Σὲ
881 4571 1040 4646 >panorm
1059 4571 1107 4637 όην
1126 4573 1216 4645 φόβος
1236 4573 1301 4632 atra
1321 4573 1454 4643 φατειός,

640 4663 773 4737 όμπσλον
798 4665 967 4725 ’όσσοισον
989 4667 1070 4737 πυρὶ
1092 4668 1371 4738 λαμπομένοισι
1392 4661 1539 4735 delecteris·

642 4761 696 4816 τοῦ
717 4760 767 4815 κοιλ
789 4759 911 4818 όόόντων
931 4764 985 4828 μὲν
1006 4763 1129 4823 πλῆτο
1151 4759 1275 4829 σπόμω
1296 4762 1393 4816 λονκὶ
1414 4758 1544 4823 θεόντων,

639 4849 744 4914 δεινόν,
763 4850 916 4919 ἀπλήτων,
936 4854 982 4908 ι’πλ
1002 4849 1034 4908 όὶ
1055 4850 1257 4922 βλοσυροῖο
1279 4849 1416 4920 μστιόπσν

637 4942 713 5008 δεινὴ
730 4944 789 5015 ipsc
811 4944 964 5009 πεπότητο
985 4943 1167 5014 κορύσσουσα
1187 4947 1291 5002 κλόνον
1310 4942 1426 5014 tutans.

640 5037 787 5111 σχετλίη,
807 5037 824 5106 t
843 5039 877 5107 ῥω
897 5039 959 5097 νόον
980 5057 1015 5095 τι
1035 5039 1085 5093 τισὶ
1105 5033 1140 5092 lx
1159 5038 1265 5108 φρόνσς
1284 5037 1387 5096 alvaro
1407 5040 1519 5107 φωτόλν,

638 5131 745 5199 elram
767 5130 904 5203 ἀντιβίην
925 5130 1056 5200 πόλεμον
1077 5130 1147 5197 Διός
1168 5127 1206 5189 vla
1227 5132 1348 5198 φόροισν.
