4808 6390
1014 2279 1045 2352 Ι.

253 2476 371 2551 Daton
396 2478 480 2550 urbs
505 2475 648 2550 condita
672 2482 725 2550 ost
750 2476 844 2549 intra
868 2498 980 2548 annos
1004 2478 1073 2549 361
1102 2482 1138 2550 ot
1162 2477 1233 2549 356
1259 2501 1291 2550 a.
1319 2477 1404 2550 Chr.
1431 2503 1468 2550 n.

1006 2690 1058 2764 ΙΙ.

253 2886 425 2959 Astacum
450 2883 589 2959 colonia
613 2885 659 2958 ab
686 2884 966 2961 Atheniensibus
991 2884 1140 2960 deducta
1166 2892 1219 2960 est
1244 2909 1338 2960 anno
1366 2889 1438 2962 439
1463 2911 1495 2961 a.
1522 2886 1607 2961 Chr.
1634 2912 1670 2961 n.

993 3102 1066 3176 III.

252 3294 399 3369 Nummi
432 3294 493 3391 qui
532 3317 708 3390 ancoram,
741 3318 906 3372 canorum
932 3306 967 3372 et
992 3298 1028 3371 A
1051 3297 1223 3395 impressa
1248 3297 1380 3373 habent
1404 3295 1615 3395 Apolloniae
1640 3296 1698 3394 (ad
1724 3295 1851 3393 Rhyn-

202 3410 342 3500 daoum)
368 3408 579 3505 adsignandi
606 3417 700 3484 sunt.

999 3583 1066 3658 IV.

252 3776 388 3851 Calliae
413 3778 509 3876 paois
533 3779 751 3854 conditiones
776 3777 963 3852 Thuoididi
991 3785 1093 3853 notas
1117 3780 1225 3856 fnisse
1253 3789 1398 3881 apparet
1425 3805 1470 3855 ex
1494 3779 1519 3853 1.
1546 3777 1642 3853 VIII
1666 3802 1696 3852 o.
1723 3780 1770 3851 56
1789 3778 1853 3874 §a

1006 3983 1053 4057 V.

97 4222 99 4226 v
250 4183 363 4260 Thus.
389 4186 414 4261 l.
441 4187 538 4262 VIII
563 4212 593 4262 o.
622 4191 668 4261 67
694 4190 714 4284 ἓ
741 4192 781 4262 2:
818 4182 929 4256 ἕστατ’
967 4180 1091 4274 ἐπειδὴ
1127 4187 1148 4271 ἡ
1183 4187 1307 4276 ἡμέρα
1341 4185 1460 4274 ἐφῆκε,
1493 4180 1747 4266 armamur
1780 4183 1851 4268 τὴν

200 4294 405 4385 ἐκκλησίαν
442 4302 483 4384 ἐς
518 4303 588 4377 τὸν
624 4302 809 4375 Κολωνὸν
849 4297 946 4392 [ἔστι
983 4297 1019 4375 δ’
1032 4304 1134 4395 ἱερὸν
1167 4295 1418 4384 Ποσειδῶνος
1442 4296 1512 4387 ἔξω
1535 4300 1678 4385 uolans
1701 4299 1855 4392 α’πέχον

202 4404 387 4493 σταδίους
411 4413 584 4496 μάλιστα
608 4408 716 4503 δέκα]
742 4439 775 4485 κ.
800 4440 834 4482 τ.
858 4412 890 4489 λ.

253 4525 353 4616 Quae
377 4527 480 4601 unois
505 4529 645 4605 inolusa
669 4538 754 4606 sunt
778 4531 898 4629 inepto
922 4531 1112 4606 reddantur
1137 4531 1333 4626 glossatori,
1374 4552 1445 4603 non
1471 4529 1567 4603 enim
1593 4528 1748 4605 Colonus
1774 4529 1853 4629 hip-

201 4642 282 4740 pius
307 4641 367 4717 sed
392 4667 563 4739 agorasns
589 4647 840 4744 intelligendus
865 4653 930 4723 est.

994 4835 1063 4910 VL

249 5032 364 5110 Thus.
390 5035 415 5117 l.
439 5037 479 5112 Π
505 5060 535 5114 c.
562 5041 611 5113 49
636 5043 657 5137 ἓ
683 5043 725 5115 2:
752 5042 832 5114 τῶν
855 5035 1072 5130 ὀφθαλμῶν
1097 5032 1322 5129 ἐρυθήματα
1345 5036 1415 5107 καὶ
1441 5033 1648 5128 φλόγωσις,

249 5147 389 5224 collato
412 5153 578 5230 Lucretio
603 5155 643 5252 (l.
670 5156 726 5232 VI
753 5183 789 5232 V.
819 5160 930 5255 1143)
955 5157 1055 5256 lege:
1082 5165 1170 5228 τοῖν
1193 5151 1430 5245 ὀφθαλμοῖν.

1882 5652 2308 5984 ΛΓ
