4808 6390
1192 705 1238 776 73

384 819 442 878 v11

534 921 624 994 Cum
650 920 706 994 his
732 921 803 994 lere
829 919 872 992 ad
900 919 1069 993 amussim
1095 918 1262 993 convenit
1290 917 1436 991 Medusa
1461 918 1667 991 Rondanini
1694 942 1784 1014 quae
1809 918 1964 990 dicitur:

485 1038 571 1136 (lap.
615 1038 796 1133 Gorgonis
838 1061 896 1110 ore
935 1036 1155 1132 semihiante,
1191 1035 1281 1109 nodo
1314 1059 1397 1128 ang.
1432 1035 1498 1108 snb
1534 1043 1653 1107 monto
1687 1059 1836 1131 quorum
1862 1035 1979 1132 capita
2003 1032 2043 1104 in

483 1178 620 1228 summo
646 1179 722 1252 cap.
750 1155 816 1227 sub
842 1155 882 1226 lI
908 1154 975 1226 alis
1001 1154 1168 1227 eminent.

534 1271 703 1345 Marmor.
733 1272 824 1344 Mus.
850 1271 1004 1343 Monac..
1030 1270 1191 1366 Liitzow,
1216 1269 1436 1342 Mdnohener
1462 1271 1544 1342 Ant.
1571 1269 1644 1342 tab.
1672 1272 1731 1341 25.

531 1389 632 1478 Quod
658 1397 765 1487 caput
791 1390 820 1461 si
848 1413 869 1460 a
894 1387 1040 1460 sinistra
1068 1395 1166 1484 parte
1192 1387 1364 1460 intuearis
1390 1410 1431 1458 aa
1457 1410 1494 1458 ra
1520 1386 1674 1460 maximo
1699 1411 1721 1458 a
1748 1409 1892 1458 nummo
1917 1384 2037 1456 differt

484 1504 577 1600 quod
604 1512 763 1579 mentum
790 1505 911 1577 minus
935 1504 1122 1601 prominet.
1148 1505 1220 1577 Ars
1247 1511 1365 1575 tamen
1391 1509 1510 1575 esest
1536 1508 1576 1576 ut
1594 1502 1668 1575 sive
1688 1507 1795 1599 caput
1809 1521 2043 1574 marmoreum

483 1619 572 1693 illud
599 1621 726 1717 ipsum,
755 1622 829 1693 sive
855 1621 932 1693 eius
958 1619 1169 1717 exemplum,
1196 1644 1242 1693 ex
1267 1619 1402 1692 ultimis
1429 1621 1534 1691 annis
1559 1619 1668 1692 seculi
1695 1619 1751 1691 IV
1776 1642 1851 1692 esse
1863 1617 2039 1691 affirmare

487 1760 558 1809 non
585 1738 756 1834 dubitem,
781 1739 887 1834 quod,
916 1761 960 1810 ne
985 1738 1093 1811 etiam
1118 1738 1310 1810 recentiora
1326 1761 1524 1831 memorem,
1540 1736 1583 1808 de
1596 1737 1710 1835 capite
1723 1736 1891 1809 Coloniae
1909 1732 2040 1830 Agrip·

483 1856 586 1951 piuae
611 1858 718 1946 (Mus.
746 1856 1076 1931 Richard-Walraff
1097 1855 1144 1928 N.
1175 1856 1210 1949 l)
1236 1854 1431 1948 adservato,
1459 1877 1531 1926 non
1558 1852 1662 1926 facile
1689 1854 1875 1927 crederem.

530 1972 766 2070 Sardonychis
808 1973 1002 2071 permagni,
1038 1974 1076 2045 in
1113 1996 1182 2068 quo
1207 1971 1368 2043 Visoonti
1396 1970 1568 2066 imagines
1594 1972 1788 2045 Ptolemaei
1814 1967 2040 2066 Philadelphi

479 2096 514 2160 at
551 2089 720 2162 Arsinoes
746 2097 882 2163 exstare
909 2090 1106 2186 suspicatus
1143 2095 1195 2161 est
1222 2087 1329 2174 (loon.
1356 2086 1419 2160 Gr.
1447 2089 1518 2160 tab.
1548 2089 1607 2160 53.
1638 2091 1685 2182 33
1710 2088 1838 2161 Tresor
1863 2087 1905 2159 de
1929 2085 2040 2158 Num.

480 2211 515 2276 et
548 2204 590 2277 de
617 2203 753 2302 Glypt,
778 2206 865 2278 Rois
891 2205 1001 2279 Grecs
1027 2204 1097 2276 tab.
1126 2206 1197 2298 84),
1225 2203 1498 2276 adtributionem
1524 2227 1652 2276 novam
1679 2213 1714 2276 et
1738 2204 1862 2276 exinde
1875 2202 2042 2300 temporis

479 2320 718 2392 definitionem
744 2321 848 2419 patri,
876 2328 915 2395 ut
941 2345 1054 2417 saepe,
1082 2321 1285 2418 praesertim
1310 2321 1348 2392 in
1373 2319 1439 2392 hae
1455 2327 1565 2417 parte,
1581 2321 1699 2394 debeo.
1725 2320 1872 2394 Collatia
1886 2319 2041 2393 nummis

479 2435 673 2509 Alexandri
699 2437 718 2509 Ι
743 2437 1585 2535 'PheopatorisEuergeti,annorum152—144,
1613 2436 1814 2510 Phoeniciis
1841 2436 1935 2529 (vide
1957 2441 2040 2508 ante

477 2554 549 2627 alia
575 2556 810 2629 tetrachmum
835 2556 987 2653 Sidonis,
1015 2556 1102 2630 Rois
1129 2555 1238 2629 Grocs
1264 2556 1335 2629 tab.
1364 2558 1421 2628 44.
1453 2559 1501 2652 4),
1528 2565 1673 2652 apparet
1698 2556 1757 2629 hic
1783 2556 1858 2630 eius
1884 2555 2035 2650 effigiem

477 2671 611 2768 adspioi
637 2697 715 2744 cum
744 2675 858 2771 prima
895 2675 1076 2770 lanugine,
1117 2680 1156 2746 ut
1194 2674 1232 2746 in
1266 2673 1470 2747 tetrachmis
1505 2672 1617 2769 Syriis
1643 2674 1778 2762 (Revue
1803 2673 1912 2746 Num.
1942 2673 2039 2744 1850

477 2790 549 2863 tab.
578 2792 636 2863 40.
667 2794 715 2886 3),
744 2791 932 2887 galeatam,
959 2793 1063 2864 utin
1088 2790 1243 2863 nummis
1268 2791 1388 2864 aeneis
1415 2792 1522 2880 (Mus.
1550 2791 1640 2863 Brit.
1668 2790 1747 2864 (lat.
1775 2791 1845 2863 tab.
1877 2793 1934 2863 16.
1964 2791 2036 2877 11).

480 2905 585 2978 quta
611 2931 690 2980 eum
716 2915 770 2981 est
795 2916 902 3006 caput
928 2909 1110 3004 muliebre,
1137 2917 1353 3004 coronatum,
1379 2908 1546 3002 velatum,
1573 2908 1657 2980 deae
1681 2908 1799 3004 potius
1824 2932 1930 3003 quarn
1956 2928 2039 2978 oon·

476 3022 569 3118 iugis
603 3024 729 3120 imago.
766 3026 871 3120 (Cum
907 3050 1016 3099 uxore
1050 3050 1131 3098 eum
1168 3025 1249 3099 vids
1274 3027 1368 3123 apud
1395 3025 1546 3120 Imhoos,
1582 3025 1680 3098 Mon.
1709 3024 1771 3098 Gr.
1796 3025 1867 3098 tab.
1892 3024 1942 3098 H.
1963 3024 2037 3118 13).

477 3140 558 3238 Ipse
584 3141 736 3215 amiotus
762 3151 816 3216 est
841 3142 963 3238 aegide
991 3144 1016 3231 ¹)
1046 3142 1084 3215 in
1109 3166 1195 3237 qua:

476 3258 560 3354 Cap.
589 3257 766 3354 Gorgonis
793 3283 819 3333 s.
847 3259 1021 3357 pulcrum,
1048 3259 1135 3331 crin.
1163 3264 1298 3351 retort,
1323 3257 1468 3330 alatum.

523 3371 730 3448 Proximum
772 3376 889 3449 locum
916 3383 1064 3474 occupat
1090 3374 1289 3474 symbolum
1326 3373 1517 3470 cistophori
1544 3375 1754 3470 Pergameni
1781 3377 1841 3465 (N.
1870 3378 1916 3447 85
1943 3376 2036 3472 apud

474 3490 617 3589 Pinder,
655 3493 710 3566 die
745 3494 993 3592 Cistophoren)
1032 3494 1094 3591 qui
1132 3493 1287 3567 eiusdem
1313 3491 1451 3588 generis
1476 3515 1517 3564 oo
1544 3493 1574 3564 is
1600 3517 1705 3588 quem
1730 3494 1840 3566 edidit
1864 3495 1920 3567 vir
1943 3494 2035 3567 doct.

477 3608 777 3683 Imhoof-Blumer
802 3612 1015 3707 (Pergamon
1042 3612 1114 3685 tab.
1142 3614 1175 3684 4.
1204 3615 1253 3699 2.)
1288 3611 1382 3682 intra
1415 3633 1528 3682 annos
1556 3611 1627 3682 215
1654 3617 1689 3682 et
1717 3612 1787 3684 190
1812 3635 1917 3684 eusus
1943 3610 2038 3683 vidc-

475 3732 533 3798 tur
558 3726 653 3821 (vide
679 3727 823 3800 Imhool
844 3728 868 3803 l.
897 3729 919 3801 l.
947 3753 1005 3825 pg.
1034 3730 1080 3801 32
1108 3735 1143 3801 et
1170 3730 1243 3822 33).

470 3842 612 3936 Anguis
638 3868 657 3915 a
683 3843 772 3916 cista
800 3868 990 3942 prorepens
1016 3845 1055 3917 in
1081 3868 1212 3917 corona
1235 3843 1438 3916 hederaoea.

472 3960 501 4052 )(
528 3958 686 4056 Gorytus
713 3961 849 4035 duobus
876 3962 1052 4057 anguibus
1067 3962 1316 4056 circumdatus,
1330 3984 1593 4054 monogramma
1610 3961 1786 4056 Pergami,
1814 3979 1870 4056 ΑΣ,
1884 3962 1921 4032 in
1935 3985 2030 4034 area:

474 4074 561 4172 Cap.
590 4074 768 4171 Gorgonis
794 4079 873 4151 adr.
901 4078 944 4151 ad
972 4079 1052 4173 sin,
1079 4079 1170 4151 nodo
1196 4078 1368 4173 anguium
1395 4077 1460 4150 sub
1477 4084 1607 4170 mento,
1636 4077 1717 4151 IV?
1742 4079 1878 4173 augin
1894 4102 2031 4151 summo

472 4216 560 4287 cap,
588 4192 628 4264 II
654 4191 732 4265 alis.

473 4313 513 4379 ill
540 4311 598 4381 26.
627 4352 673 4362 -
701 4310 739 4381 in
768 4309 969 4407 Varvaca05
996 4311 1070 4405 (Du
1095 4310 1251 4405 Mersan,
1280 4311 1374 4384 Med.
1403 4309 1626 4408 Oistophores
1649 4310 1697 4383 dn
1721 4309 1806 4384 Cab.
1822 4310 2024 4403 deFrance,

472 4423 558 4498 Cab.
585 4426 627 4498 de
653 4426 852 4498 l’Amataur
877 4434 912 4500 et
937 4427 980 4499 de
1001 4426 1241 4523 l'Antiquaire
1263 4427 1330 4500 lv.
1340 4427 1387 4501 N.
1411 4431 1466 4523 12,
1481 4427 1590 4501 Num.
1605 4426 1734 4500 Chron.
1751 4425 1808 4500 IX
1821 4427 1944 4499 tabl.
1964 4429 2022 4521 12,

473 4542 661 4638 imaginem
684 4544 832 4641 ¹capitis
871 4543 979 4617 edidit
1018 4545 1057 4617 in
1091 4569 1161 4642 qua
1191 4545 1268 4618 alae
1304 4551 1339 4618 et
1372 4569 1506 4641 angues
1544 4545 1582 4617 in
1624 4567 1760 4617 summo
1803 4544 1916 4641 capite
1955 4569 2026 4617 non

471 4662 668 4757 apparent).

521 4777 721 4874 Sequantur
758 4777 929 4873 quaedam
965 4778 1081 4875 capita
1106 4778 1177 4851 ianr
1203 4802 1310 4875 supra
1335 4778 1508 4876 descripta

385 4978 522 4989 ’nn——
529 4981 612 4989 ...ι-,ι-

367 5114 371 5121 ·
410 5085 433 5158 ¹)
462 5081 496 5140 In
526 5080 673 5158 aegidibus
704 5100 801 5157 regum
831 5088 860 5141 et
879 5084 1076 5161 imperatorum
1096 5087 1129 5141 ut
1149 5081 1178 5141 in
1198 5081 1294 5160 clipeis
1315 5082 1430 5141 deornm
1450 5082 1618 5159 dearumque
1637 5087 1766 5140 sexcenta
1784 5080 1814 5139 in
1834 5084 1956 5142 nummis
1976 5104 2029 5144 oo-

370 5180 487 5234 currunt
517 5174 659 5252 Gorgonis
698 5175 798 5252 capita,
838 5175 965 5249 minima,
997 5195 1076 5253 qnae,
1116 5195 1181 5235 curn
1215 5195 1270 5234 non
1301 5175 1355 5235 nisi
1389 5175 1419 5234 in
1452 5175 1684 5255 splendidissimis
1710 5175 1916 5252 exemplaribus
1947 5177 2027 5237 facile

369 5268 482 5328 decerni
500 5269 618 5347 possint,
640 5273 671 5327 ut
690 5268 779 5328 oculis
798 5288 948 5348 parcerem,
968 5268 1060 5329 omisi.

1783 5367 1829 5438 10
