4808 6390
1173 623 1218 696 37

370 733 418 796 111

370 845 430 913 abt
468 835 502 907 3.
531 832 618 930 Gap.
645 831 821 928 Gorgonis
847 833 976 928 miuus,
1004 835 1092 932 ling.
1118 837 1313 933 exs.,rictu
1325 837 1409 932 lato,
1423 835 1526 910 malis
1539 859 1656 931 magu.
1670 835 1798 910 cirris?
1823 844 1850 927 )(
1865 838 1933 927 Qu.
1948 838 2020 913 inc.

470 956 510 1023 Ar
538 952 611 1039 816.
638 951 824 1023 bae-26
850 951 1032 1048 Melanges
1057 954 1100 1026 de
1123 954 1233 1029 Num.
1263 957 1356 1029 1875
1381 979 1440 1053 pg.
1471 956 1516 1026 19
1543 954 1591 1028 N.
1617 955 1677 1029 21.

470 1065 562 1140 Gum
589 1067 606 1138 1
636 1088 814 1163 compares
840 1066 951 1140 velim

368 1193 422 1260 bit
470 1181 557 1277 Gap.
595 1181 772 1276 Gorgonis
810 1182 923 1256 forma
960 1183 1091 1281 mdem,
1131 1186 1219 1282 ling.
1246 1210 1332 1282 exe,
1359 1186 1450 1259 rictu
1475 1206 1596 1282 parvo,
1623 1207 1697 1257 aur.
1725 1184 1796 1259 alte
1821 1210 1907 1283 pos,
1933 1185 2022 1258 criu.

467 1297 702 1373 horrentibus.

468 1415 515 1488 In
539 1422 677 1512 pectore
702 1414 895 1511 Minervas,
922 1417 962 1489 iu
986 1417 1155 1516 amphora
1180 1417 1275 1494 rubr.
1302 1419 1373 1515 fig,
1400 1444 1472 1518 rep.
1498 1419 1623 1495 Nolae.
1650 1419 1810 1495 Gerhard
1835 1423 1883 1500 A.
1897 1421 1945 1494 V.
1962 1423 2021 1494 94.

517 1531 639 1629 Abydi
687 1555 849 1623 nummos
895 1533 976 1607 ride
1023 1536 1116 1633 opud
1166 1537 1283 1609 virum
1329 1537 1421 1610 doct.
1468 1537 1768 1613 Imhoof·Blumer
1816 1539 1928 1635 (Mon.
1957 1538 2021 1612 Gr.

468 1673 526 1746 pg.
554 1650 657 1737 260).
684 1648 756 1722 Hic
781 1654 922 1722 tautum
948 1652 1133 1725 recensebo
1157 1676 1307 1748 quorum
1333 1660 1460 1751 ectypa
1484 1660 1548 1727 aut
1573 1654 1744 1750 imagines
1770 1655 1853 1728 vidi.
1878 1655 2021 1751 Omnes,

466 1770 642 1863 postremo
680 1764 827 1838 fortasse
864 1765 1015 1864 dempto,
1050 1769 1151 1841 seriei
1177 1769 1396 1844 Phocaicae?
1429 1772 1711 1868 contemporanei
1745 1796 1820 1846 esse
1845 1772 2021 1846 ridentur.

470 1883 503 1954 l.
528 1879 665 1976 Aquila
690 1904 718 1954 s.

368 1994 416 2068 82'
463 1996 494 2090 )(
518 1995 605 2093 Gap.
632 1996 808 2091 Gorgonis
834 1997 922 2093 ling.
954 2023 1041 2095 exs,
1068 2000 1160 2075 rictu
1186 2026 1295 2099 max,
1322 2001 1375 2075 IV
1405 2010 1441 2085 1-
1466 2005 1519 2076 ..i
1543 2026 1625 2099 ang.
1654 2008 1749 2101 (pars
1774 2002 1932 2100 superior
1952 2026 2024 2075 uon

467 2137 631 2210 expressa
656 2115 738 2208 est),
765 2114 802 2185 iu
829 2138 888 2209 qu.
916 2116 986 2209 inc,

467 2235 508 2302 di
536 2231 596 2317 alr
624 2232 712 2303 0.95
739 2229 820 2303 coll.
849 2230 999 2305 Imhoof.

369 2349 418 2431 ὃς
469 2348 504 2418 2.
533 2345 643 2418 Idem.
680 2348 709 2439 )(
731 2346 816 2444 Gap.
852 2347 1028 2443 Gorgonis
1055 2348 1140 2442 ling.
1169 2372 1255 2444 exe,
1282 2347 1377 2422 deut.
1404 2347 1543 2421 caninis
1569 2370 1700 2443 magn,
1727 2347 1818 2421 rictu
1844 2347 1956 2443 magis
1981 2353 2022 2420 ut

467 2461 506 2533 iu
545 2460 681 2533 familia
722 2467 752 2555 l,
792 2463 920 2558 inaur,
959 2464 1017 2536 XI
1043 2488 1123 2560 ang.
1152 2455 1391 2560 Α-Βυδηνῶν,
1418 2463 1512 2537 iufra
1542 2495 1674 2514 ········
1700 2457 1959 2558 (ὀκτώβολον.1
1980 2490 2024 2527 =

467 2574 627 2673 σίγλος),
656 2579 695 2650 iu
721 2604 780 2675 qu.
806 2580 877 2653 inc.

468 2700 509 2768 dt
538 2695 596 2768 17.
624 2693 994 2770 5.230011.1mh00f.
1022 2697 1148 2793 Ghoix,
1175 2699 1248 2773 tab.
1277 2699 1309 2771 9.
1340 2700 1423 2771 106.

469 2831 503 2903 3.
530 2828 666 2926 Aquila
691 2852 718 2903 s.
748 2815 862 2940 {22}
891 2832 920 2924 )(
946 2829 1045 2903 Idem
1071 2854 1113 2904 eo
1139 2832 1173 2902 2.

468 2981 509 3048 di
537 2976 593 3048 18.
622 2978 706 3049 ula
734 2976 826 3049 Mus.
856 2973 1084 3049 Monacense.

466 3095 500 3167 4.
523 3092 658 3188 Aquila
684 3118 711 3167 s.
739 3084 949 3187 ΑΒγδηνῶν,
975 3094 1014 3166 iu
1039 3117 1121 3167 aree
1145 3093 1348 3166 cantharus.

466 3210 497 3304 )(
521 3207 608 3305 Gap.
635 3207 811 3304 Gorgonis
837 3209 910 3282 fere
935 3209 1037 3303 idem,
1063 3232 1140 3283 aur.
1167 3209 1269 3304 null,
1296 3209 1335 3282 X
1360 3233 1454 3305 aug,
1481 3209 1518 3280 in
1546 3231 1604 3303 qu.
1632 3207 1700 3281 ino.

468 3331 507 3399 di
537 3327 597 3399 10.
626 3328 712 3400 Ο.61
741 3326 832 3400 Goll.
859 3326 1012 3401 Imhoof.

368 3449 407 3515 82
469 3447 491 3516 5
517 3443 628 3516 Idem.
655 3445 684 3539 )(
709 3443 794 3541 Cap.
822 3445 999 3541 Gorgonis
1025 3445 1096 3518 fere
1121 3452 1162 3518 ut
1186 3445 1289 3518 hocta
1314 3444 1443 3518 Lesbia
1470 3447 1505 3539 2,
1530 3443 1569 3516 X
1594 3467 1675 3538 aug.
1702 3441 1740 3514 in
1766 3467 1826 3538 qu.
1855 3443 1923 3516 ino.

467 3565 508 3632 di
537 3562 594 3633 11.
622 3562 718 3633 (1.60.
741 3560 885 3657 Lajard.
912 3560 1016 3635 Gulte
1038 3561 1081 3634 dc
1105 3560 1240 3658 Venus,
1267 3562 1338 3635 tab.
1367 3562 1389 3634 3
1414 3561 1451 3634 A
1479 3563 1536 3632 12.

515 3677 575 3750 Ad
612 3701 773 3750 nummos
810 3678 969 3773 Lesbios,
1010 3677 1202 3752 Phocaicos
1239 3686 1275 3752 et
1315 3679 1509 3776 Abydeuos
1557 3678 1716 3775 proxime
1752 3676 1922 3750 accedunt
1963 3675 2018 3748 illi

466 3816 615 3888 quorum
649 3792 757 3888 longa
789 3794 907 3889 series,
943 3794 1181 3867 dissimillimo
1211 3819 1315 3892 saepe
1350 3794 1527 3890 Gorgonis
1561 3794 1686 3892 capitis
1719 3817 1845 3890 genere
1877 3793 1923 3865 ab
1949 3814 2022 3865 uua

466 3915 565 4005 parte
603 3916 737 4003 ornata,
777 3911 823 3982 ab
861 3909 974 3983 altera
1010 3933 1146 4007 semper
1184 3935 1347 3984 ancoram
1384 3918 1420 3985 et
1445 3934 1611 3984 cancrum
1636 3917 1672 3983 et
1697 3934 1780 3983 mox
1818 3907 2020 3981 nexhibet.

465 4025 542 4098 Hos
581 4024 657 4098 iure
695 4049 717 4096 a
750 4032 850 4123 patre
884 4050 962 4099 meo
995 4026 1125 4123 Abydo
1157 4028 1388 4122 abiudicatos,
1423 4051 1496 4100 nou
1529 4027 1615 4100 satis
1648 4025 1776 4099 validis
1800 4023 2017 4120 argumentis

467 4141 640 4234 Ancurae,
680 4140 736 4213 vel
771 4143 936 4214 Ancorac
968 4165 1047 4214 cum
1082 4143 1215 4217 Astaco
1249 4144 1452 4240 adsignatos
1490 4141 1675 4237 (Zeitschr.
1701 4141 1726 4214 f.
1752 4140 1861 4213 Num.
1887 4139 1959 4212 III.
1986 4163 2021 4236 p.

467 4259 538 4330 237
574 4258 677 4354 sqq.),
713 4258 866 4356 speciose
898 4261 1031 4332 Astaco
1065 4260 1261 4332 vindicavit
1286 4261 1343 4333 vir
1375 4260 1465 4333 doct.
1494 4258 1792 4333 Imhoof·Blumer
1817 4256 1928 4346 (Mon.
1955 4255 2019 4330 Gr.

466 4398 523 4471 pg.
551 4376 622 4446 232
657 4381 759 4470 sqq.),
795 4399 864 4470 quo
898 4375 975 4449 loco
1010 4375 1136 4450 deiude
1161 4384 1271 4449 totam
1296 4377 1476 4450 materiem
1503 4375 1679 4471 congessit
1703 4388 1739 4447 et
1763 4373 1883 4446 ordine
1908 4372 2023 4468 dispo·

466 4489 549 4563 suit.
600 4489 683 4562 Non
709 4498 827 4563 tamen
853 4491 940 4564 mihi
967 4493 1140 4589 persuasit
1165 4492 1262 4567 litem
1289 4493 1361 4566 iam
1386 4492 1613 4565 diiudicatam
1639 4513 1724 4585 esse,
1759 4514 1842 4562 nam
1866 4489 2019 4586 primum

466 4629 554 4701 quos
580 4608 647 4679 sub
673 4607 712 4679 II
739 4609 915 4680 recensuit
941 4632 1115 4704 nummos,
1148 4611 1224 4683 sine
1252 4609 1359 4683 dubio
1384 4608 1459 4682 ullo
1484 4634 1528 4682 ex
1552 4610 1684 4680 Astaeo
1702 4606 1878 4701 oriundos,
1896 4606 2021 4679 seriem

468 4747 598 4797 ancora
636 4724 843 4822 impressam
877 4749 950 4799 non
989 4725 1080 4799 belle
1117 4727 1371 4824 interrumpere
1407 4726 1568 4819 dixerim,
1607 4723 1731 4797 deiude
1769 4724 1877 4797 aliam
1911 4747 2018 4819 quam

467 4841 623 4915 desidero
661 4843 893 4916 mutationem
932 4843 1063 4916 frustra
1095 4868 1234 4940 quaero.
1287 4843 1387 4934 Quod
1415 4844 1508 4916 enim
1534 4841 1579 4915 ad
1603 4841 1787 4915 historiam
1812 4842 1936 4915 Astaci
1961 4842 2022 4915 ad·

467 4957 558 5031 tinet
583 4982 654 5032 nou
680 4983 759 5032 oum
786 4983 826 5033 eo
852 4961 966 5034 facere
992 4984 1144 5058 possum,
1171 4961 1344 5057 quaedam
1371 4959 1475 5034 aliter
1500 4983 1575 5034 esse
1600 4959 1776 5056 ridentur,
1811 4982 1921 5056 pauca
1948 4959 2021 5032 fore

368 5062 370 5064 ’
467 5080 508 5147 ut
532 5075 730 5149 accuratius
756 5076 895 5150 definiri
921 5079 1058 5176 possint
1081 5102 1192 5176 spero.
