4808 6390
1060 646 1104 717 81

481 860 659 953 χρύσεον·
684 858 788 950 άμφί
814 851 854 928 δὲ
878 860 1019 928 ποσσίν
1042 851 1106 947 ἐχε
1129 857 1383 947 πτερόεντα
1408 848 1596 925 πέδιλα·

479 975 649 1065 ὤμοισιν
671 968 717 1045 δέ
734 1000 809 1065 μιν
832 972 937 1063 ἀμφὶ
960 964 1192 1062 μελάνδετον
1217 958 1304 1062 άορ
1328 968 1450 1041 ἔκειτο

477 1083 644 1176 χάλκεον
671 1085 712 1156 ἐκ
736 1083 966 1172 τελαμῶνος·
992 1079 1014 1152 ὁ
1039 1074 1076 1150 δ’
1106 1081 1217 1151 ώστε
1242 1082 1398 1170 νόημα
1422 1083 1614 1150 ποτάτο·

478 1197 557 1267 πάν
580 1188 621 1265 δὲ
644 1195 882 1283 μετάφρενον
904 1186 985 1283 εἶχε
1016 1190 1110 1284 κάρη
1135 1184 1279 1264 δεινοῖο
1303 1189 1471 1282 πελώρου

479 1306 669 1398 Γοργοῦς·
694 1303 798 1394 ἀμφὶ
822 1295 868 1372 δέ
885 1327 959 1391 μιν
980 1300 1185 1391 κίβισις
1211 1303 1280 1384 θέε,
1304 1303 1439 1392 θαῦμα
1465 1293 1634 1384 ἰδέσθαι,

479 1413 651 1509 ἀργυρέη·
679 1413 844 1485 θύσανοι
868 1406 910 1483 δὲ
932 1417 1193 1503 κατῃωρεῦντο
1218 1411 1373 1499 φαεινοὶ

477 1531 665 1625 χρύσειοι·
690 1524 794 1616 δεινὴ
819 1521 861 1597 δὲ
887 1526 969 1619 περὶ
994 1529 1251 1619 κροτάφοισιν
1277 1525 1447 1609 ἄνακτος

478 1644 571 1711 κεῖτ’
594 1634 767 1722 Ἄϊδος
790 1640 937 1723 κυνέη
962 1637 1101 1718 νυκτὸς
1125 1638 1251 1726 ζόφον
1276 1636 1393 1709 αἰνὸν
1418 1637 1583 1729 ἔχουσα,

479 1749 598 1832 αὐτὸς
622 1744 663 1820 δὲ
689 1742 892 1820 σπεύδοντι
916 1748 986 1819 καί
1010 1745 1208 1841 ἐρρίγοντι
1235 1748 1372 1831 ἐοικώς

479 1861 648 1955 Περσεύς
674 1852 874 1944 Δαναΐδης
897 1855 1119 1940 ἐτιταίνετο,
1144 1859 1227 1929 ταί
1253 1852 1278 1928 δ
1288 1863 1303 1928 ὲ
1326 1859 1423 1946 μετ’
1448 1859 1600 1931 αὐτὸν

479 1970 725 2065 Γοργόνες
748 1967 909 2054 άπλητοί
932 1969 1062 2039 τεκαὶ
1088 1969 1134 2039 ου’
1159 1968 1285 2057 φαταὶ
1308 1967 1504 2062 ἐρ’ῥώοντο,

481 2090 676 2177 ἱέμεναι
700 2087 923 2173 μαπέειν·
947 2084 1008 2156 ἐπὶ
1033 2078 1075 2154 δὲ
1099 2084 1255 2179 χλωροῦ
1279 2078 1506 2174 ἀδάμαντος

477 2196 794 2288 βαινουσέων
820 2192 975 2286 ἰάχεσκε
1001 2196 1122 2276 σάκος
1144 2194 1298 2292 μεγάλῳ
1325 2190 1531 2292 ὀρυμαγδῷ

480 2308 570 2392 ὀξέα
593 2309 664 2379 καὶ
688 2307 834 2401 λιγέως·
860 2308 936 2379 ἐπὶ
960 2300 1008 2377 δὲ
1032 2305 1214 2400 ζώνῃσι
1240 2299 1485 2397 δράκοντε

481 2414 596 2490 δοιώ
618 2418 908 2513 ἀπῃωρεῦντ’
931 2417 1291 2507 ἐπικυρτώοντε
1315 2418 1513 2510 κάρηνα·

249 2533 321 2606 235
482 2531 740 2623 λίχμαζον
765 2525 898 2623 δ’άρα
923 2529 1053 2622 τώγε·
1078 2531 1214 2618 μένει
1244 2521 1280 2597 δ’
1305 2526 1591 2620 ἐχάρασσον
1615 2523 1812 2614 ὀδόντας

479 2641 631 2735 άγιρια
657 2636 939 2731 δερκομένω·
964 2635 1024 2711 ἐπὶ
1048 2632 1089 2709 δὲ
1112 2632 1330 2709 δεινοῖσι
1354 2640 1595 2728 καρήνοις

481 2752 744 2845 Γοργείοις
769 2745 939 2823 ἐδονεῖτο
963 2754 1089 2844 μέγας
1114 2747 1257 2838 φόβος,
1282 2771 1316 2818 κ.
1342 2775 1375 2817 τ.
1401 2747 1433 2817 λ.

289 2865 493 2957 ¹Pausanias
526 2864 573 2935 V.
604 2866 661 2936 18.
690 2867 710 2960 ἓ
736 2867 772 2937 5.
808 2865 864 2933 Αἱ
898 2857 939 2932 δὲ
975 2856 1145 2951 α’δελφαί
1179 2855 1383 2947 Μεδούσης
1421 2855 1587 2953 ἔχουσαι
1625 2865 1765 2957 πτερά
1800 2868 1907 2937 πετό-

246 3005 366 3073 μενον
390 2979 542 3071 Περσέα
567 2971 783 3050 διώκουσαί
804 2976 892 3048 εἰσι·
919 2978 961 3048 τὸ
987 2973 1027 3048 δὲ
1052 2976 1210 3065 ὄνομα
1236 2976 1299 3046 ἐπὶ
1318 2979 1369 3068 τῷ
1394 2975 1541 3070 Περσεῖ
1561 2980 1771 3071 γέγραπται
1786 2980 1904 3074 μόνῳ.

296 3092 387 3166 Alas
412 3091 571 3163 nondum
597 3096 767 3162 memorat
792 3096 917 3164 auctor
941 3089 1059 3187 clipei,
1086 3095 1241 3162 ceterum
1267 3088 1344 3160 eius
1370 3088 1479 3160 verba
1504 3112 1577 3161 non
1603 3089 1695 3162 male
1720 3078 1905 3166 illustram-¹

246 3216 305 3283 tur
341 3209 456 3282 lebete
493 3207 606 3302 nigris
643 3207 777 3303 figuris,
816 3208 922 3281 lineis
962 3207 1115 3303 scriptis,
1156 3206 1379 3304 perantiquo,
1419 3206 1538 3278 nescio
1579 3230 1649 3301 quo
1686 3207 1763 3281 loco
1798 3209 1902 3306 facto,

246 3326 308 3400 ΠΙ
337 3327 388 3422 lc,
425 3350 482 3423 pg.
509 3327 543 3396 8.
575 3324 703 3397 Differt
737 3325 776 3397 in
807 3349 847 3398 co
873 3326 963 3420 quod
992 3324 1174 3418 Gorgones
1201 3324 1240 3395 in
1266 3323 1381 3421 capite
1407 3332 1535 3418 gerunt
1559 3347 1693 3419 angues
1718 3349 1832 3421 neque
1856 3326 1901 3400 iis

246 3442 451 3537 oingrmtur‚
492 3441 593 3512 cuius
632 3441 682 3513 rei
712 3441 864 3538 primum
889 3442 1034 3538 praebet
1062 3440 1264 3538 exemplum
1293 3440 1320 3526 1)
1345 3440 1555 3512 acroterium
1581 3439 1733 3514 Gelense
1758 3441 1819 3514 ΙΙΙ
1843 3451 1898 3538 2ο,

246 3584 305 3657 pg.
333 3561 366 3655 9,
393 3558 544 3632 alterum
569 3558 738 3654 amphora
762 3558 891 3632 Glitiae
917 3564 953 3631 et
977 3558 1153 3652 Ergutimi
1178 3557 1239 3630 111
1266 3569 1315 3653 21,
1342 3581 1400 3654 pg.
1431 3559 1487 3652 11,
1521 3557 1645 3630 deinde
1671 3559 1762 3653 quod
1780 3558 1900 3632 oibisis

247 3676 389 3773 quidem
422 3676 531 3771 adest,
565 3699 637 3747 non
672 3681 790 3748 tamen
816 3675 993 3771 Gorgonis
1020 3681 1127 3772 caput
1160 3676 1198 3747 in
1234 3682 1332 3770 tergo
1359 3674 1479 3746 Persei
1505 3673 1638 3770 adspici
1662 3680 1787 3772 potest.
1814 3676 1903 3749 Eius

246 3791 298 3865 rei
331 3790 472 3864 nullum
505 3792 588 3863 novi
623 3791 835 3890 exemplum,
872 3793 944 3865 nisi
978 3817 1041 3890 pro
1076 3791 1236 3889 exemplo
1271 3791 1400 3864 habere
1434 3789 1522 3862 velis
1550 3814 1613 3863 vas
1636 3791 1754 3863 rubris
1780 3792 1903 3886 figuris

246 3914 508 3981 monstruosum
546 3907 679 3980 editum
717 3910 810 4005 apud
847 3909 1076 4004 Stackclberg
1112 3909 1266 3997 (Graber
1300 3907 1361 3980 der
1387 3906 1484 3980 Hsll.
1513 3907 1584 3980 tab.
1611 3909 1685 3994 49).
1724 3907 1904 3981 Gontraa

247 4031 351 4122 poeta
390 4024 557 4097 discimus
592 4025 724 4119 caligas
760 4026 798 4098 in
832 4028 990 4123 antiquis
1026 4051 1164 4122 quoque
1203 4025 1299 4098 vasis
1324 4024 1438 4097 alatas
1464 4047 1539 4096 esse
1564 4024 1740 4097 dicendas.
1785 4026 1903 4098 Persei

246 4151 413 4219 accurata
448 4145 576 4240 imago,
617 4146 773 4217 nondum
813 4153 1016 4242 memorata,
1056 4150 1113 4218 cui
1153 4160 1289 4230 tracas
1332 4143 1546 4238 adscriptum
1586 4149 1651 4238 est,
1677 4152 1835 4241 superest
1860 4144 1898 4216 in

247 4263 456 4358 fragmento,
496 4262 656 4358 Aeginae
697 4269 833 4361 reperto
871 4263 997 4350 (Arch.
1034 4263 1121 4335 Zeit.
1163 4263 1259 4335 1882
1299 4260 1372 4332 tab.
1415 4261 1463 4345 9).
1514 4258 1642 4332 Pulcre
1689 4261 1901 4335 Pausaniam

247 4379 406 4453 illustrat
439 4380 554 4476 tripns
587 4381 700 4476 nigris
741 4380 864 4477 figuris
890 4407 950 4480 pg.
981 4384 1026 4454 12
1054 4383 1092 4453 in
1118 4403 1187 4476 quo
1212 4402 1285 4451 non
1311 4377 1381 4450 nisi
1408 4377 1536 4450 Perseo
1561 4400 1701 4472 nomen,
1728 4393 1907 4474 wasnau,

248 4497 463 4595 adscriptum
488 4505 552 4570 ost.
579 4498 685 4589 (Vide
711 4522 800 4593 quae
825 4499 991 4593 adnotavi
1018 4498 1063 4571 ad
1089 4497 1149 4570 III
1175 4501 1232 4592 4ο,
1258 4499 1282 4562 b
1308 4519 1365 4591 pg.
1396 4495 1466 4582 11).

298 4613 406 4711 Apud
433 4620 623 4709 utrumque
649 4620 767 4686 tamen
793 4614 865 4688 alia
890 4615 930 4687 lit
954 4615 1101 4710 mentio,
1129 4613 1159 4685 si
1186 4637 1258 4686 non
1285 4610 1462 4706 Gorgonis
1488 4608 1628 4706 capitis,
1646 4608 1772 4706 capitis
1786 4614 1903 4682 tamen

248 4754 428 4828 gorgonei.

290 4987 311 5065 ¹)
329 4988 535 5048 Pnlocrrimum
555 4989 669 5066 praebet
687 4989 761 5066 cylix
781 4989 853 5066 nigr.
873 4991 920 5065 fig.
940 4988 1005 5047 albo
1029 5007 1155 5066 purpura
1174 4988 1325 5060 distinctis,
1346 4988 1397 5047 lin.
1417 5007 1481 5060 son,
1501 4986 1597 5047 Rhodi
1614 4991 1729 5065 repertu,
1749 5005 1810 5045 acro
1828 4986 1904 5046 celita

247 5082 378 5158 (Journal
397 5083 429 5141 ol
445 5083 521 5142 Hell.
543 5083 622 5141 Stud.
644 5085 720 5141 1884
738 5083 796 5140 tab.
817 5083 867 5152 43)
887 5102 973 5160 quam
995 5088 1027 5141 ut
1047 5101 1081 5141 eo
1100 5088 1150 5140 cut
1169 5081 1266 5140 ceteris
1286 5081 1428 5158 Gorgonis
1448 5079 1723 5160 capitibns‚l.l.tab.
1735 5082 1782 5154 40,
1794 5082 1841 5150 41,
1856 5085 1903 5153 42,

248 5177 279 5236 iu
298 5177 390 5255 priore
409 5176 500 5255 capite
518 5177 561 5235 uti
580 5177 728 5254 potuerim.
749 5180 864 5255 Angues
883 5177 1008 5237 versibus
1028 5180 1095 5248 233,
1114 5180 1173 5236 234
1191 5196 1305 5255 prorsus
1325 5177 1503 5255 respondent.

1666 5275 1710 5344 11
