4808 6390
319 2331 419 2403 Inter
455 2329 598 2403 deorum
630 2329 775 2402 heroum
811 2327 1018 2401 animalium
1057 2333 1292 2401 monstrorum
1319 2328 1449 2426 capita,
1474 2352 1565 2425 quae
1592 2327 1706 2426 prisce
1733 2328 1928 2423 antiquitas

268 2448 308 2520 in
333 2446 496 2520 omnibus
520 2445 592 2518 fere
619 2444 867 2540 monumentis,
902 2442 1041 2541 sculpta
1066 2442 1106 2515 in
1131 2467 1302 2518 marmore
1327 2451 1362 2517 et
1400 2444 1558 2540 gemmis,
1586 2468 1631 2517 ex
1655 2467 1741 2518 auro
1767 2445 1824 2518 vel
1849 2470 1929 2520 aere

267 2561 412 2657 caelata,
452 2562 533 2635 ficta
571 2585 615 2634 ex
652 2559 790 2655 argilla,
826 2560 865 2632 in
902 2560 1046 2633 vasibus
1081 2559 1187 2657 picta,
1223 2559 1262 2632 in
1288 2561 1442 2633 nummis
1468 2560 1584 2634 aureis
1609 2561 1785 2656 argenteis
1810 2562 1928 2636 aeneis

267 2679 437 2776 impressa
466 2676 727 2774 multiplicavit,
765 2699 879 2773 pauca
911 2675 1130 2772 frequentius
1156 2700 1262 2770 quam
1286 2675 1463 2772 Gorgonis
1489 2684 1595 2775 caput
1620 2685 1820 2776 occurrunt,
1847 2680 1927 2753 nul·

265 2795 341 2869 lum
368 2802 468 2868 tanta
491 2795 706 2891 diversitate,
732 2800 805 2867 11111
831 2793 934 2867 certis
960 2800 1080 2868 tamen
1105 2793 1246 2867 indiciis
1272 2793 1544 2891 agnoscendum,
1571 2802 1644 2868 tam
1669 2796 1772 2871 facile
1798 2804 1925 2871 aceto·

266 2911 315 2985 ris
341 2909 614 3006 disiungendum
639 2911 820 3009 reperitur.

316 3030 432 3127 Caput
456 3030 565 3124 igitur
591 3028 780 3126 Gorgonis,
808 3026 948 3124 siquid
974 3027 1083 3124 aliud,
1110 3027 1258 3124 dignum
1283 3028 1469 3102 videbatur
1494 3027 1587 3126 quod
1614 3029 1805 3126 separatim
1830 3037 1921 3105 trac·

265 3151 411 3241 teretur,
447 3145 632 3243 praecipue
665 3136 775 3241 quum
800 3151 878 3242 post
910 3144 1081 3218 Levezow
1108 3145 1148 3241 1),
1186 3144 1249 3240 qui
1274 3169 1368 3218 anno
1393 3145 1500 3219 huius
1526 3145 1635 3219 seculi
1663 3145 1830 3242 XXXII,
1857 3171 1920 3244 pro

263 3262 373 3359 copiis
411 3261 479 3334 sibi
519 3261 565 3333 ab
591 3259 654 3332 illa
679 3266 794 3334 aetate
819 3258 1004 3356 concessis,
1029 3260 1168 3356 egregie
1194 3260 1237 3334 de
1260 3260 1324 3334 illa
1348 3284 1386 3334 re
1415 3261 1591 3358 disseruit,
1618 3286 1721 3335 nemo
1747 3269 1921 3359 quantum

264 3377 347 3473 scio,
369 3384 442 3449 tam
467 3376 665 3471 diligenter,
693 3383 767 3450 tam
792 3383 954 3450 accurate
981 3377 1081 3451 varia
1105 3400 1235 3472 genera
1259 3377 1437 3471 congessit
1463 3384 1503 3450 ut
1528 3401 1590 3474 per
1612 3378 1806 3474 materiam,
1833 3403 1922 3475 quae

262 3499 342 3590 post
377 3493 480 3566 illum
517 3492 609 3565 diem
649 3492 689 3565 in
722 3492 822 3566 libris
860 3500 896 3566 et
920 3493 1049 3567 muscis
1075 3492 1295 3566 accumulata
1320 3499 1384 3587 est,
1411 3491 1486 3566 fieri
1511 3493 1693 3590 potuisset.
1738 3494 1830 3569 Sane
1856 3495 1919 3568 vix

262 3612 449 3708 quisquam
486 3611 578 3684 inter
614 3618 665 3684 tot
699 3611 805 3707 viros,
840 3611 978 3706 egregie
1015 3610 1057 3683 de
1083 3617 1157 3684 arte
1183 3609 1329 3706 antiqua
1355 3610 1509 3707 meritos,
1535 3610 1604 3684 fnit
1629 3612 1716 3707 quin
1743 3611 1918 3708 Gorgonis

261 3730 449 3824 imaginem
488 3728 580 3802 hanc
619 3728 676 3803 vel
710 3728 809 3802 illam
834 3728 968 3827 publici
994 3728 1082 3801 iuris
1107 3728 1251 3824 faciens,
1277 3727 1319 3800 de
1344 3729 1420 3802 eius
1445 3752 1572 3824 genere
1596 3754 1709 3827 pauca
1735 3730 1918 3828 addiderit,

261 3846 319 3920 vel
343 3847 450 3920 etiam
474 3846 615 3942 longius
641 3845 684 3919 de
709 3852 783 3918 tota
808 3852 912 3941 gente
937 3846 1057 3940 egerit,
1092 3845 1152 3917 sed
1177 3844 1329 3940 ingenue
1353 3845 1465 3920 fateor
1490 3870 1546 3919 me
1573 3846 1750 3920 interdum
1776 3847 1919 3921 illorum

261 3964 574 4038 demonstrationes
608 3963 684 4036 ideo
719 3986 792 4034 non
831 3962 970 4058 legisse,
995 3962 1149 4060 primum
1174 3959 1267 4057 quod
1293 3962 1332 4034 in
1357 3963 1529 4058 imagines
1556 3964 1773 4059 quaerendas
1800 3971 1834 4036 et
1860 3965 1918 4037 de-

260 4080 442 4154 lineandas
456 4124 504 4134 -
519 4104 601 4152 nam
626 4079 768 4152 nonnisi
795 4079 902 4174 omni,
930 4079 986 4151 cui
1012 4078 1100 4150 mihi
1127 4101 1285 4151 accessus
1299 4080 1454 4176 patebat,
1469 4082 1619 4154 materia
1640 4088 1815 4176 congesta,
1830 4080 1921 4154 nihil

259 4198 334 4272 fieri
359 4221 458 4297 posse
484 4204 674 4270 statueram
689 4239 736 4249 -
751 4201 890 4269 tantum
915 4194 1080 4292 temporis
1107 4195 1308 4292 consumpsi
1334 4202 1374 4268 ut
1398 4195 1479 4293 plus
1504 4196 1588 4269 huic
1613 4198 1709 4294 operi
1723 4198 1914 4270 conceden-

259 4315 344 4389 dum
376 4339 450 4389 esse
484 4340 555 4387 non
589 4337 776 4409 censerem,
814 4311 939 4385 deinde
982 4311 1066 4407 quia
1103 4334 1205 4408 saepe
1232 4319 1402 4409 expertus
1428 4336 1524 4386 eram
1550 4313 1681 4387 multos
1707 4320 1784 4387 tam
1810 4337 1917 4410 vagos

258 4433 350 4505 inter
387 4430 473 4504 fines
511 4454 637 4527 errare,
676 4438 749 4503 tam
775 4429 887 4503 obiter
920 4428 1169 4501 similitudines
1196 4435 1409 4525 computare,
1435 4436 1507 4502 tam
1534 4430 1778 4503 communibus
1805 4430 1916 4526 siguis

257 4548 323 4643 uti,
361 4554 403 4620 ut
439 4545 520 4619 inde
558 4546 623 4620 rix
660 4545 779 4643 aetas,
806 4544 906 4619 nullo
944 4545 1045 4618 modo
1082 4543 1237 4617 affinitas
1267 4543 1406 4617 definiri
1433 4546 1596 4642 potuerit.
1648 4545 1686 4619 Si
1713 4551 1831 4619 autem
1856 4545 1914 4619 hic

257 4666 314 4739 vel
351 4666 437 4738 illuc
470 4664 660 4739 affinitates
697 4664 768 4736 iam
807 4664 851 4737 ab
890 4662 970 4736 aliis
996 4662 1041 4736 ad
1066 4661 1183 4734 lucem
1211 4660 1365 4759 prolatas
1392 4663 1494 4758 quasi
1520 4663 1563 4736 de
1591 4687 1683 4737 novo
1708 4686 1912 4762 exposuero,

256 4806 356 4881 spero
380 4782 453 4855 fore
478 4789 519 4855 ut
542 4781 597 4854 illi
621 4781 709 4854 mihi
735 4781 934 4876 ignoscant.

293 5087 314 5161 ¹)
333 5085 425 5145 Ueber
451 5085 496 5144 die
525 5083 736 5160 Entwiclrelung
763 5084 812 5143 des
841 5082 1102 5160 Gorgonen-ldeals
1127 5083 1156 5142 in
1186 5085 1236 5143 der
1263 5084 1363 5144 Poesie
1381 5085 1438 5144 und
1457 5083 1606 5143 bildendcn
1628 5084 1723 5143 Konst
1741 5084 1791 5143 der
1809 5085 1903 5145 alan.

254 5180 479 5259 Abhandlungen
498 5181 548 5239 der
565 5178 690 5238 Berliner
709 5178 868 5251 Academia
889 5181 973 5237 1832.

1691 5276 1709 5346 1
