4808 6390
1294 554 1341 626 94

493 762 669 856 insignem
708 761 948 860 obtinuerunt,
985 769 1021 835 et
1054 786 1112 836 ars
1137 763 1258 837 eadem
1283 770 1347 839 ast.
1398 763 1572 864 Compara
1597 767 1726 863 virgas,
1753 768 1903 866 οἴμους,
1929 770 2082 844 thoracis
2106 776 2144 844 et

492 877 653 974 circulos,
678 877 850 975 κύκλους,
875 876 991 976 clipei,
1016 877 1141 953 deinde
1165 878 1230 953 hos
1255 901 1404 955 versus:

493 991 539 1067 Il.
564 993 604 1066 X
641 996 689 1066 26
774 993 815 1060 K
819 992 981 1063 υόινεσι
1006 985 1046 1062 δὲ
1068 985 1335 1084 δράκοντες
1359 991 1577 1086 ὀρωρέχατο
1602 997 1712 1089 προτὶ
1736 989 1864 1091 δειρὴν

685 1124 692 1135 ·
775 1131 847 1201 τρι
855 1116 899 1190 ἲς
921 1107 1099 1201 ἑκάτερθ’,
1123 1111 1273 1202 ἴρισσιν
1295 1108 1475 1192 ἐοικότες·

643 1221 691 1293 38
777 1218 855 1304 Τῆς
879 1211 956 1300 δ’ἐξ
978 1218 1160 1312 ἀργύρεος
1184 1219 1365 1310 τελαμὼν
1389 1209 1446 1307 ἦν
1472 1217 1595 1310 αὐτάρ
1618 1218 1807 1292 e’rv'otv‘rori

771 1335 963 1419 κυάνεος
987 1335 1152 1408 idolam
1175 1331 1367 1432 δράκων,
1390 1335 1553 1427 κεφαλαὶ
1577 1331 1623 1408 δι’
1643 1342 1684 1409 οἱ
1704 1328 1805 1425 ἦσαν

769 1455 890 1533 τρεῖς
913 1445 1191 1540 ἀμφιστρεφέες
1213 1450 1301 1529 ἕνος
1323 1445 1496 1540 αὐχένος
1521 1445 1760 1537 ἐκπεφυυῖαι.

547 1555 679 1653 Cypria
704 1579 786 1651 ergo
811 1562 887 1629 arie
910 1556 1043 1655 clipeus
1069 1580 1207 1654 quoque
1232 1557 1345 1632 factus
1369 1558 1519 1632 ridetur.
1558 1558 1615 1631 Ex
1640 1582 1682 1631 ea
1707 1557 1841 1653 origine
1866 1559 2006 1635 facilius
2030 1564 2137 1636 intar-

498 1679 656 1771 prehrtur
691 1672 865 1768 quomodo
903 1673 978 1747 ficri
1019 1675 1172 1773 potuerit
1208 1682 1251 1748 ut
1287 1673 1534 1770 antiquissima
1570 1675 1727 1750 Terroris
1764 1676 1879 1773 imago
1914 1680 1952 1751 in
1978 1679 2141 1755 interiore

490 1787 582 1863 Asia
607 1795 814 1863 occurreret.

539 1902 679 1976 Nomen
717 1904 841 1977 deinde
880 1906 983 2000 sacci,
1019 1905 1113 2003 quod
1137 1906 1272 2002 primus
1296 1912 1420 1980 auctor
1445 1906 1549 2003 clipei
1575 1905 1742 1980 Herculis
1766 1915 1946 2004 memorat,
1972 1905 2139 2008 κίβισις,

495 2017 688 2091 secundum
715 2018 936 2116 Hesychium
962 2019 1015 2108 (in
1040 2027 1138 2105 voce)
1164 2019 1335 2118 Cyprium
1361 2029 1414 2095 est
1439 2020 1661 2117 vocabulum,
1699 2021 1799 2113 πήρα
1825 2024 2139 2121 interpretandum.

486 2133 608 2230 Porro,
646 2160 704 2233 pg.
735 2137 780 2209 13
806 2137 853 2210 N.
883 2139 917 2232 6,
955 2136 1169 2235 peculiarem
1203 2139 1295 2212 sacci
1326 2138 1474 2212 formam
1508 2139 1709 2211 invenimus
1741 2139 1780 2211 in
1814 2140 1962 2214 insolita
1996 2141 2138 2219 fabulae

486 2249 652 2347 imagine,
679 2274 768 2347 quae
793 2251 945 2348 primum
974 2251 1126 2351 duplicis
1150 2260 1273 2350 partus
1297 2254 1497 2350 exemplum
1524 2253 1624 2328 nobis
1651 2254 1822 2352 praebuit,
1848 2280 1918 2351 quo
1944 2257 2037 2332 enim
2062 2283 2140 2356 pro-

486 2366 567 2464 pius
592 2367 636 2440 ad
660 2367 800 2442 fabulae
826 2369 1007 2442 cuiusdam
1035 2369 1208 2466 originem
1233 2377 1318 2443 sunt
1342 2371 1493 2445 artifices
1519 2394 1559 2443 eo
1585 2371 1700 2444 minor
1724 2373 1769 2446 iis
1795 2379 1927 2447 certam
1952 2381 1987 2447 et
2011 2374 2137 2450 immu-

487 2483 633 2559 tabilem
658 2508 817 2559 normam
843 2484 1011 2581 sequendi
1038 2492 1091 2560 est
1116 2486 1317 2561 necessitas.

538 2598 629 2672 Cum
664 2599 815 2698 denique
854 2599 1036 2698 Gorgones
1070 2610 1213 2675 exstant
1245 2602 1395 2700 Cypriae
1436 2603 1692 2677 diversissimae
1733 2605 1819 2677 satis
1854 2606 2031 2703 antiquae,
2065 2609 2140 2683 veri

490 2715 606 2791 simile
629 2718 769 2792 videtur
793 2738 845 2792 ux
871 2719 1001 2793 Graue
1027 2718 1242 2793 Goaaouan
1267 2738 1463 2793 sconarssu
1488 2719 1676 2794 Gasaoos.

537 2834 642 2908 Ultra
688 2841 806 2908 tamen
854 2835 1161 2930 investigationem
1206 2835 1392 2932 perducere
1438 2835 1568 2908 frustra
1611 2835 1757 2930 tentavi,
1799 2861 1882 2909 nam
1925 2861 2039 2934 neque
2080 2863 2138 2913 ars

487 2950 717 3048 Assyriorum
743 2973 808 3023 nec
845 2949 1087 3046 Hettaeorum,
1126 2973 1239 3047 neque
1263 2974 1321 3023 ars
1343 2951 1602 3049 Aegyptiorum
1627 2975 1691 3024 neo
1715 2951 1930 3025 Phoenicum
1953 2977 2040 3049 quoa
2066 2977 2138 3028 om-

489 3088 553 3139 ues
587 3065 735 3163 Cyprios
773 3066 925 3139 invicem
963 3066 1118 3140 imitatos
1155 3090 1230 3140 esse
1266 3072 1415 3161 constat,
1453 3067 1634 3163 hucusque
1668 3066 1868 3163 Gorgonem
1905 3070 2006 3142 nobis
2031 3070 2137 3147 dedit

491 3182 599 3279 Apud
640 3184 797 3279 Assyros
834 3183 977 3280 quidem
1011 3183 1145 3278 figurae
1178 3206 1374 3278 gorgoncae
1409 3207 1550 3281 prorsus
1585 3184 1726 3279 ignotae
1750 3207 1822 3256 non
1847 3183 1991 3257 fuerunt
2016 3187 2138 3284 (caput

490 3297 572 3371 vide
603 3321 648 3370 ex
686 3297 797 3394 cilice,
832 3297 924 3371 rictu
962 3299 1131 3393 maximo,
1166 3299 1289 3372 multis
1323 3298 1487 3372 dentibus
1521 3300 1670 3396 magnis,
1704 3299 1815 3372 oculis
1840 3299 1988 3396 magnis,
2013 3301 2134 3374 cuneis

487 3413 698 3513 inscriptum
722 3414 816 3512 apud
841 3414 992 3512 Layard,
1018 3416 1119 3490 Mon.
1146 3416 1186 3489 of
1206 3415 1384 3512 Nineveh,
1413 3416 1485 3489 tab.
1514 3418 1573 3490 95.
1601 3419 1635 3511 3,
1661 3417 1696 3510 4,
1722 3416 1817 3490 Mus.
1844 3415 1952 3513 ortu,
1977 3422 2012 3489 et
2027 3423 2137 3491 totam

489 3528 639 3625 liguram
677 3554 832 3626 aeneam,
870 3531 985 3628 capite
1023 3531 1142 3627 simili,
1181 3530 1361 3627 unguibus
1399 3530 1605 3628 vulturinis,
1643 3530 1699 3603 IV
1737 3530 1816 3625 alis,
1860 3554 1964 3625 quam
1991 3538 2136 3607 ventum

489 3644 679 3717 australem
718 3645 758 3741 (S
783 3646 848 3740 W)
887 3646 1072 3743 inscriptio
1111 3669 1186 3720 esse
1221 3653 1371 3719 testatvrr
1408 3644 1502 3743 apud
1540 3647 1675 3741 Perrot,
1711 3644 1871 3719 Histoire
1908 3645 1951 3718 de
1974 3645 2072 3720 l'Art
2096 3647 2136 3722 Π

489 3786 547 3859 pg.
575 3765 659 3858 496,
696 3763 790 3837 Mus.
824 3763 932 3860 Lup.)
963 3771 998 3836 et
1031 3763 1202 3861 Aegyptii
1236 3761 1339 3836 deum
1371 3762 1533 3837 colebant
1566 3764 1636 3835 Bes
1668 3771 1730 3836 aut
1760 3763 1853 3834 Besa
1877 3762 2010 3836 dictum
2035 3763 2136 3837 ouius

488 3878 679 3973 imaginem
704 3878 898 3952 Phoenices
923 3879 994 3952 late
1019 3877 1267 3974 vulgaverunt,
1294 3879 1353 3951 sed
1370 3879 1462 3951 inter
1475 3878 1729 3977 amplissimam
1744 3876 1982 3974 exemplorum
1996 3877 2132 3975 copiam

488 3995 629 4068 nullum
654 3995 775 4068 inveni
800 4018 820 4069 e
843 4019 914 4091 quo
940 3994 1117 4089 Gorgonis
1143 3994 1334 4090 imaginem
1360 4000 1480 4066 natam
1506 4018 1580 4067 asse
1606 3994 1813 4091 suspicarer.

537 4111 628 4184 Cum
665 4118 782 4185 autem
822 4135 885 4208 per
910 4118 1021 4185 totum
1047 4110 1119 4183 fare
1144 4111 1262 4185 orbem
1287 4117 1458 4185 terrarum
1486 4112 1512 4202 1)
1537 4110 1654 4207 capita
1678 4110 1835 4206 adversa,
1862 4108 2047 4201 horrenda,
2073 4116 2136 4183 aut

526 4328 548 4400 ¹)
567 4325 659 4405 caput
677 4326 773 4402 lingas
792 4331 900 4385 exserta
919 4325 1100 4385 Meniosnum
1119 4325 1291 4400 (Bumboldt
1308 4332 1337 4385 et
1355 4326 1494 4404 Bomplau
1513 4325 1570 4384 tab.
1591 4328 1640 4399 99)
1658 4324 1776 4383 iamdiu
1786 4324 1982 4401 uulgatumest
1994 4324 2135 4400 (lavaes

488 4421 541 4488 2⁶3
561 4418 669 4490 Micsli,
689 4419 763 4477 Stor.
782 4417 848 4477 dell’
867 4419 935 4480 Ant
955 4420 1024 4497 Pop.
1043 4417 1100 4477 tab.
1123 4421 1169 4477 ⁵1.
1190 4420 1248 4495 la).

521 4510 612 4590 clipei
642 4532 706 4573 cum
740 4532 818 4586 naso,
847 4531 911 4572 cum
941 4513 1029 4572 ocrrlis
1048 4519 1076 4572 et
1097 4531 1163 4572 cum
1181 4530 1228 4571 ore
1247 4511 1380 4571 dentibus
1398 4511 1515 4588 maguis,
1536 4530 1569 4570 ex
1589 4511 1689 4571 insulis
1709 4510 1813 4571 Oocsm
1836 4509 1968 4570 sushslis
1987 4510 2017 4569 iu
2035 4511 2135 4570 athuo-

491 4604 632 4683 grcphicis
651 4606 755 4666 muscis
773 4607 856 4667 multi
874 4612 992 4667 autent.

521 4696 638 4776 Clipeos
663 4700 784 4759 Sinensis
808 4701 908 4760 iisdem
935 4701 1030 4759 vultus
1050 4700 1178 4778 pertibus
1198 4703 1239 4776 (et
1257 4701 1352 4778 lingua
1372 4701 1403 4758 in
1420 4699 1504 4775 rictu)
1523 4700 1572 4759 sed
1591 4719 1625 4759 ex
1645 4704 1723 4778 perte
1739 4697 1769 4756 iu
1787 4698 1912 4757 flosculis
1932 4697 2055 4769 mutatis,
2077 4716 2133 4775 quo

483 4790 593 4863 milites,
613 4795 725 4869 tigrides
744 4795 808 4853 belli
826 4794 905 4867 dicti,
925 4794 1026 4854 armati
1045 4800 1132 4868 erunt,
1151 4793 1244 4853 editur
1263 4794 1338 4872 apud
1358 4794 1520 4871 Meourtucy
1539 4793 1669 4869 (chinaco
1687 4791 1823 4868 Embsssy
1842 4791 1899 4849 tub.
1920 4793 1966 4849 19.
1988 4793 2026 4865 5).

524 4885 570 4945 Ad
596 4887 710 4965 Assyria
737 4895 862 4948 monstra
889 4889 1003 4967 propius
1032 4889 1166 4948 secedunt
1184 4889 1331 4947 daemones
1360 4907 1431 4966 quos
1449 4887 1493 4946 vir
1510 4886 1584 4946 doct.
1604 4886 1714 4946 Ieituer
1732 4884 1762 4943 iu
1782 4884 1880 4943 Indiae
1899 4885 2018 4963 rupibus
2036 4886 2136 4963 seulp-

482 4983 537 5049 tos,
560 4979 701 5038 Graecos?
728 4980 830 5040 milites
857 4981 1020 5041 comitantes
1046 4982 1169 5061 repperit
1197 4988 1226 5040 et
1250 4982 1316 5041 solis
1343 4981 1448 5040 auxilio
1467 4979 1604 5059 depinxit,
1623 4996 1743 5056 quorum
1761 4977 1896 5054 imagines
1917 4977 1946 5035 iu
1966 4976 2133 5036 bibliothece

480 5072 662 5149 lugdunensi
682 5073 749 5133 vidi.
