4808 6390
1180 575 1228 648 86

379 788 529 862 videtur.
555 788 661 863 Unde
684 788 771 863 haec
796 789 907 887 petita
932 789 1004 864 sint
1030 790 1165 886 ignoro;
1192 788 1373 863 nonenim
1387 813 1431 862 ex
1444 787 1627 886 Phercyde
1640 786 1904 861 essevidentur.
1931 785 2037 860 Anti·

380 928 451 1000 qua
475 911 594 978 tamen
619 913 712 978 sunt.
740 905 873 979 Dentes
899 930 1076 1003 aprugnos
1101 914 1136 979 et
1161 930 1297 1002 angues
1320 904 1517 978 maculosos
1542 904 1614 978 iam
1639 904 1700 977 ΙΙΙ
1728 914 1784 1000 15,
1798 928 1855 1001 pg.
1872 902 2037 1000 8,habet

432 1021 499 1094 Sed
525 1021 570 1095 ad
593 1021 630 1094 V
655 1021 811 1096 seculum
836 1022 1028 1096 redeamus·
1056 1022 1254 1096 Pindarum
1279 1030 1314 1095 et
1339 1021 1561 1120 Aeschylum
1588 1023 1633 1095 ab
1646 1020 1818 1095 Asiaticis
1831 1019 2037 1116 nummulis,

381 1135 443 1211 III
481 1134 528 1204 8⁶¹
562 1161 578 1205 ε
614 1163 650 1222 ς,
687 1138 809 1236 pulcre
848 1138 1020 1212 illustrari
1062 1139 1133 1211 iam
1173 1162 1282 1237 supra
1315 1138 1530 1232 monuimus,
1569 1137 1682 1235 pluris
1708 1136 1855 1211 interest
1879 1135 1919 1209 in
1944 1136 2039 1209 rasis

381 1276 520 1350 quoque
556 1255 700 1350 Atticis,
741 1254 857 1327 rubris
896 1255 1020 1350 figuris
1045 1255 1161 1353 pictis,
1188 1254 1372 1350 Gorgones
1396 1253 1575 1349 anguibus
1600 1277 1642 1326 ea
1667 1259 1781 1326 aetate
1805 1251 2039 1325 circumdatas

382 1392 457 1444 esse
495 1370 616 1444 solere.
655 1372 712 1445 En
747 1370 812 1444 tibi
840 1371 1021 1470 exempla:
1061 1371 1122 1445 ΙΙΙ
1149 1386 1197 1453 211
1222 1371 1429 1467 Andocidis,
1456 1371 1550 1467 quod
1576 1371 1621 1443 ad
1644 1369 1699 1442 Vl
1726 1368 1885 1443 seculum
1911 1367 2040 1440 referre

384 1508 457 1559 non
482 1485 656 1584 dubitari,
682 1511 740 1585 pg.
771 1489 837 1584 155
864 1490 936 1583 00”,
970 1513 1029 1586 pg.
1056 1492 1123 1586 223
1150 1489 1205 1560 8s''
1243 1487 1415 1587 Epicteti3
1458 1485 1951 1584 10d5100Euphronii,pg.
1979 1486 2038 1557 58.

384 1602 608 1677 Recentiores
632 1604 839 1702 plerumque
864 1605 1042 1701 anguibus
1069 1614 1201 1681 carent.

432 1719 484 1794 Ut
520 1719 559 1792 in
596 1719 653 1793 his
691 1721 741 1794 sic
766 1721 972 1818 plerumque
998 1729 1071 1796 toto
1097 1723 1164 1796 hoc
1190 1722 1307 1796 seculo
1332 1721 1516 1817 Gorgones
1543 1718 1674 1793 sensim
1699 1720 1791 1792 fiunt
1816 1717 1934 1791 minus
1960 1717 2041 1790 hor-

380 1835 520 1930 rendae,
547 1835 737 1933 vultusque
763 1837 877 1911 lineae
903 1838 1047 1911 mollius
1072 1838 1260 1912 ducuntur.
1290 1838 1399 1912 lnitio
1425 1844 1544 1910 tamen
1571 1836 1741 1931 antiquae
1771 1834 1858 1907 artis
1885 1834 2039 1932 plurima

381 1952 531 2048 vestigia
568 1962 768 2050 supersunt,
808 1961 848 2027 ut
884 1954 922 2025 in
961 1955 1022 2028 III
1050 1959 1081 2051 1,
1117 1955 1329 2028 acroterium
1354 1979 1400 2028 ex
1425 1978 1505 2028 arce
1529 1954 1766 2047 Athenarum,
1794 1976 1851 2049 pg.
1880 1955 1946 2048 293
1973 1951 2040 2048 sd',

387 2076 497 2143 stater
533 2070 692 2167 Mileti?;
731 2075 794 2167 do',
829 2073 877 2166 0”,
918 2095 975 2169 pg.
1003 2075 1062 2145 22.
1098 2073 1237 2146 Harum
1264 2071 1392 2145 ultima
1416 2071 1622 2170 praesertim
1647 2070 1740 2143 alius
1766 2069 1873 2142 moris
1899 2069 2042 2166 praebet

382 2188 594 2286 exemplum.
641 2187 751 2285 Saepe
789 2187 952 2282 artifices,
993 2189 1086 2284 quod
1124 2189 1288 2284 Gorgone
1327 2189 1524 2262 ornamenti
1551 2188 1629 2261 loeo
1654 2189 1857 2280 utebantur,
1885 2186 2041 2260 diversas

383 2303 503 2377 vultus
541 2309 670 2402 partes,
709 2327 782 2376 non
818 2305 919 2400 quasi
955 2305 1034 2401 quis
1060 2306 1191 2379 dixerit
1216 2307 1260 2379 ad
1286 2312 1451 2379 naturam
1478 2311 1737 2403 expresserunt,
1766 2303 1825 2376 sed
1852 2327 1914 2400 pro
1940 2327 2042 2377 orna·

383 2419 513 2493 mentis
547 2421 758 2494 habuerunt.
797 2420 843 2493 In
869 2422 964 2494 vasis
989 2422 1094 2520 pictis
1120 2422 1154 2495 id
1181 2447 1200 2495 e
1226 2446 1263 2494 re
1289 2422 1366 2520 ipsa
1392 2422 1597 2520 saepissime
1622 2428 1778 2519 apparet,
1805 2422 1865 2494 sed
1891 2444 1937 2494 ex
1961 2420 2042 2495 aliis

387 2560 524 2633 quoque
563 2538 813 2632 monumentis,
848 2537 908 2611 ΠΙ
937 2543 990 2634 15,
1017 2563 1075 2635 pg.
1103 2541 1145 2635 83
1172 2541 1226 2635 8a,
1253 2564 1312 2637 pg.
1338 2541 1405 2636 295
1432 2540 1497 2635 8β,
1523 2563 1582 2637 pg.
1611 2541 1679 2635 313
1707 2540 1764 2632 87,
1791 2561 1850 2635 pg.
1878 2540 1937 2633 32,
1971 2536 2043 2609 iam

385 2677 513 2727 nasum
538 2678 595 2727 ex.
621 2678 674 2748 gr.
701 2653 917 2752 tripertitum
943 2655 1107 2728 novimus
1132 2656 1193 2752 qui
1219 2656 1258 2728 in
1284 2655 1416 2753 scypho
1442 2653 1503 2728 III
1529 2664 1584 2750 30,
1612 2679 1669 2752 pg.
1698 2656 1756 2738 10,
1773 2653 1829 2726 vel
1843 2653 2044 2750 duplicatus

387 2771 549 2844 occurrit.
591 2772 636 2844 In
676 2770 772 2845 vasis
807 2779 926 2845 tamen
951 2773 1109 2870 antiquis
1135 2773 1288 2871 plurima
1313 2773 1511 2870 imperitiae
1536 2772 1646 2845 tribui
1675 2777 1834 2869 possunt,
1861 2771 1900 2843 in
1925 2770 2043 2843 miuus

385 2888 543 2982 antiquis
567 2894 608 2960 ut
632 2887 693 2961 ΠΙ
720 2889 777 2983 dg,
804 2913 861 2986 pg.
892 2891 950 2984 14,
978 2890 1098 2962 omnia
1124 2890 1373 2985 negligentiae,
1408 2890 1447 2962 in
1472 2889 1540 2963 hac
1565 2894 1682 2962 autem
1708 2888 1859 2986 pictura,
1885 2888 1946 2961 ΠΙ
1970 2885 2043 2983 00”,

385 3004 557 3079 laudabili
592 3028 677 3077 cura
707 3004 810 3100 facta,
844 3005 934 3078 nihil
963 3006 1174 3105 imperitiae,
1201 3007 1294 3080 nihil
1319 3007 1557 3102 negligentiae
1582 3006 1686 3101 inest,
1713 3012 1892 3079 ettamen
1918 3028 2044 3079 nasum

386 3147 432 3196 ex
456 3128 608 3217 quatuor
632 3121 862 3195 semicirculis
888 3129 1123 3220 constantem,
1150 3123 1269 3197 oculos
1296 3123 1437 3220 oblique
1463 3124 1608 3222 positos,
1635 3122 1799 3217 linguam
1825 3123 2044 3219 quadratam,

385 3239 512 3311 rictum
538 3261 725 3310 recurvum
750 3238 975 3312 meministis.

437 3353 494 3427 sio
528 3353 667 3426 aurium
692 3352 769 3426 loco
794 3354 855 3427 III
883 3360 914 3451 7,
941 3362 1094 3428 ceterum
1121 3379 1227 3453 quarn
1252 3356 1445 3453 plurimum
1471 3355 1590 3451 Gorgo
1615 3356 1704 3429 artis
1728 3355 1895 3451 antiquae
1932 3358 2046 3452 potest

385 3468 429 3541 ad
455 3475 621 3542 naturam
646 3468 841 3543 humanam
867 3494 1045 3568 expressa,
1070 3479 1280 3545 ornamenta
1302 3472 1409 3546 hahet
1435 3478 1471 3545 et
1497 3473 1547 3545 sic
1574 3471 1781 3569 praesertim
1807 3470 1914 3566 longa
1939 3468 2046 3543 series

388 3608 623 3682 nummorum,
663 3608 769 3681 quam
802 3587 867 3659 sub
901 3586 962 3660 ΠΙ
988 3586 1036 3662 Sd
1059 3617 1086 3683 5,
1119 3589 1237 3683 Lesbi,
1263 3613 1321 3687 pg.
1350 3591 1418 3684 253
1446 3590 1504 3682 8ς,
1530 3588 1665 3685 Abydi,
1691 3612 1749 3684 pg.
1777 3588 1846 3684 373
1872 3589 1930 3683 8s',
1955 3584 2047 3658 Pho·

390 3701 518 3773 oseae?
556 3725 614 3798 pg.
642 3702 690 3772 34
717 3743 764 3754 -
792 3700 927 3775 famosa
963 3702 1001 3775 hi
1039 3711 1124 3775 sunt
1161 3709 1303 3801 propter
1342 3727 1457 3798 aures,
1498 3702 1631 3776 iniuria
1656 3703 1739 3776 olim
1765 3703 1897 3775 ferinas
1921 3700 2046 3798 dictas,

388 3839 460 3888 non
486 3817 580 3889 enim
606 3817 676 3889 nisi
701 3824 909 3891 ornamenta
935 3824 1094 3891 sunt-
1120 3826 1156 3892 et
1183 3817 1406 3918 Apolloniae,
1432 3844 1491 3917 pg.
1519 3821 1578 3916 40,
1605 3820 1808 3915 memoravi,
1834 3818 2048 3917 pedetentim

389 3933 430 4007 fit
466 3932 634 4031 ornatior,
672 3935 869 4030 usquedum
893 3935 932 4008 in
957 3937 1153 4035 postremis,
1180 3937 1393 4035 Apolloniae
1420 3938 1554 4032 7-10,
1597 3933 1763 4032 8ς’-ς”’,
1790 3960 1847 4033 pg.
1875 3937 1936 4032 41,
1967 3935 2047 4008 cha·

391 4056 558 4123 racterem
599 4051 780 4148 deponunt
817 4058 852 4125 et
891 4052 1070 4127 molliores
1096 4054 1320 4127 humaniores
1345 4055 1447 4127 fiunt.
1491 4053 1628 4126 Horum
1655 4059 1792 4150 tempus
1817 4076 1857 4125 eo
1882 4051 2048 4125 definitur

397 4166 488 4261 quod
514 4165 726 4262 Apolloniae
754 4169 912 4266 11-21,
939 4170 1041 4243 noris
1070 4171 1177 4268 typis,
1191 4194 1339 4265 quorum
1356 4173 1413 4266 12,
1429 4171 1498 4266 8B,
1512 4194 1534 4242 a
1546 4168 1780 4264 Neopolitano
1794 4172 1827 4264 5,
1842 4165 1899 4265 oi',
1914 4192 1973 4266 pg.
1987 4170 2046 4265 23,

397 4304 491 4355 anno
517 4284 589 4355 405
616 4306 711 4379 cuso,
737 4285 895 4381 disiungi
920 4287 1054 4385 nequit,
1080 4313 1188 4386 prope
1213 4288 1257 4362 ad
1284 4287 1392 4361 seculi
1418 4288 1554 4360 exitum
1579 4285 1773 4359 collocandi
1799 4292 1894 4360 sunt.

445 4400 503 4473 Ex
528 4399 664 4473 familia
689 4401 749 4474 ΙΙΙ
775 4409 798 4475 0
823 4404 970 4477 eandem
995 4405 1040 4479 ob
1066 4406 1338 4479 causamoitabo
1352 4407 1401 4502 η”,
1416 4405 1594 4479 Coroneae
1610 4405 1642 4499 1,
1657 4404 1819 4476 exannis
1837 4403 2047 4499 456-446,

395 4542 454 4616 pg.
482 4520 541 4615 28,
580 4518 704 4592 deinde
731 4545 763 4617 q,
803 4520 929 4594 Olbiae
957 4524 989 4619 1,
1017 4525 1051 4619 2,
1078 4547 1135 4621 pg.
1163 4527 1222 4597 25.
1273 4523 1348 4596 Iam
1389 4531 1507 4597 tamen
1542 4522 1641 4620 prius
1675 4520 1742 4594 hac
1784 4520 1932 4618 familia,
1958 4520 2046 4594 artis

395 4657 519 4730 norae,
545 4635 715 4711 mollioris
740 4637 844 4711 initia
869 4638 993 4725 obfert,
1021 4638 1075 4711 Ill
1101 4643 1161 4737 oh,
1188 4639 1357 4738 Neapolis
1382 4643 1416 4737 3,
1441 4665 1499 4738 pg.
1529 4643 1588 4715 23.

443 4750 501 4824 Ex
538 4750 645 4825 huius
684 4777 822 4850 quoque
860 4754 969 4828 seculi
1004 4755 1107 4829 initio
1133 4757 1200 4830 erit
1225 4757 1241 4828 l
1268 4756 1333 4842 2b',
1359 4757 1452 4854 quod
1478 4755 1714 4853 antiquiorem
1739 4763 1850 4829 artem
1878 4755 2047 4852 sequitur,

392 4865 517 4940 deinde
539 4866 599 4940 Ill
628 4874 705 4965 llb,
747 4870 883 4943 nummi
910 4869 1169 4968 Selgensiuml,
1204 4898 1261 4972 pg.
1291 4875 1325 4970 6,
1350 4872 1515 4946 inferiore
1541 4872 1668 4971 capitis
1692 4880 1792 4970 parte
1818 4873 1936 4946 minus
1961 4870 2047 4966 lata,

393 5005 464 5078 qua
501 4982 539 5055 in
573 5007 716 5058 recum
741 4987 859 5060 aeneis
886 4988 1042 5062 nummis
1067 4988 1234 5063 Himerae
1259 5013 1318 5087 pg.
1345 4991 1405 5086 45,
1432 4991 1493 5086 46,
1520 4989 1581 5062 ΙΙΙ
1608 4985 1685 5075 11β
1719 5012 1744 5081 y
1780 5012 1797 5056 5
1834 4980 1867 5057 δ’
1903 5013 1940 5074 ς,
1965 5010 2049 5062 con·

390 5106 535 5192 gruunt.
561 5100 662 5173 Inter
685 5124 744 5175 eos
769 5109 888 5176 tamen
913 5103 1041 5178 latiora
1067 5105 1228 5204 exempla
1256 5106 1317 5179 ΙΙΙ
1346 5104 1427 5188 lla,
1452 5097 1477 5173 d
1502 5105 1673 5179 invenies.
1710 5104 1801 5178 Tota
1826 5103 1932 5178 series
1956 5126 2047 5202 quae
