4808 6390
1192 581 1240 655 28

379 704 428 868 bb
480 800 567 897 Cap.
603 799 781 895 Gorgonis
814 798 1016 890 rotundum,
1047 794 1135 891 ling.
1162 819 1250 893 exe,
1277 795 1369 870 rictu
1395 802 1501 892 recto,
1527 796 1622 870 dent.
1648 821 1761 895 parv,
1788 798 1926 896 pupill.,
1953 800 2042 872 erin.

480 920 572 994 med.
598 918 669 992 div.
697 926 838 1016 compt..

474 1036 523 1111 AE
548 1036 805 1110 Ornamentum
831 1032 961 1106 loricae
986 1031 1202 1127 coriaoiae1)
1229 1055 1310 1106 cum
1336 1031 1468 1128 quain
1495 1038 1634 1129 pectore
1660 1031 1840 1106 cadaveris
1867 1041 2041 1132 repertum

473 1159 538 1226 est.
565 1150 839 1248 (tempto-rende
872 1149 966 1222 1877
995 1148 1066 1222 tab.
1095 1150 1129 1222 2.
1160 1150 1193 1222 1.

526 1267 714 1342 Nummuli
739 1269 929 1363 Coroneae,
955 1266 1026 1340 nisi
1052 1274 1125 1340 tam
1152 1265 1252 1364 parvi
1278 1272 1405 1363 essent,
1432 1263 1476 1339 ad
1502 1271 1653 1374 aetatem
1680 1264 1911 1362 plurimorum
1938 1290 2042 1363 gene-

475 1409 554 1458 rum
580 1384 813 1458 dofiniendam
840 1388 958 1457 essent
984 1382 1057 1479 apti
1084 1382 1177 1479 quod
1203 1382 1361 1481 ipsorum
1384 1388 1481 1455 aetas
1507 1381 1594 1455 satis
1610 1388 1772 1454 accurate
1792 1381 1968 1456 definitor.
1996 1384 2041 1456 ln

477 1501 533 1574 his
559 1502 664 1574 rebus
677 1507 818 1574 secutus
831 1523 908 1573 sum
932 1498 1049 1595 Head,
1062 1498 1186 1571 ducem
1199 1498 1463 1597 peritissimum,
1479 1497 1541 1593 qui
1554 1497 1817 1571 accuratissime
1830 1498 1873 1571 de
1885 1501 2040 1572 nummis

476 1616 652 1692 Boeoticis
678 1616 882 1712 disquisivit
906 1614 1029 1711 (Num.
1056 1614 1187 1690 Chron.
1215 1614 1287 1688 III.
1314 1615 1361 1711 I);
1386 1614 1572 1713 paululum
1599 1622 1718 1688 tamen
1743 1615 1789 1688 ab
1803 1638 1843 1688 eo
1857 1615 2039 1689 dissentio.

477 1733 678 1807 Secundum
704 1757 785 1806 eum
812 1731 971 1806 Coronea
995 1754 1158 1804 nummos
1184 1731 1281 1803 cudit
1307 1755 1418 1827 usque
1444 1731 1488 1805 ad
1514 1755 1648 1805 annum
1675 1733 1748 1804 480
1775 1731 1851 1804 6166
1864 1732 2039 1828 Gorgonis

475 1851 602 1947 capite,
629 1849 756 1923 deinde
782 1849 828 1923 ab
855 1872 949 1922 anno
977 1850 1048 1921 456
1075 1849 1118 1921 ad
1146 1851 1218 1920 446
1244 1856 1279 1921 et
1304 1872 1327 1922 a
1352 1850 1423 1922 387
1456 1848 1501 1922 66
1527 1850 1599 1922 374
1625 1872 1707 1921 cum
1732 1849 1847 1946 capite
1863 1849 2039 1946 Gorgonis

473 1968 510 2040 in
549 1990 673 2041 aversa
710 1973 822 2065 parte,
864 1965 989 2038 deinde
1024 1988 1119 2037 anno
1155 1967 1227 2038 364
1260 1965 1378 2038 diruta
1417 1972 1481 2038 est.
1521 1966 1546 2037 J
1548 1989 1610 2038 ure
1651 1972 1780 2068 antem,
1817 1990 1873 2039 me
1899 1967 2037 2061 quidem

470 2083 597 2180 iudice,
632 2083 694 2156 ille
729 2083 767 2156 in
801 2082 972 2178 catalogo
1007 2081 1125 2155 Musei
1160 2082 1360 2156 Britannici
1394 2082 1554 2178 (Gentral
1591 2080 1723 2156 Greeoe
1757 2108 1816 2180 pg.
1843 2086 1907 2176 46)
1940 2085 1988 2158 N.
2017 2088 2037 2157 6

469 2207 598 2287 (meum
629 2201 664 2292 1)
703 2198 812 2296 priori
854 2197 968 2294 spatio
1002 2197 1213 2292 adsignavit,
1243 2196 1320 2271 iure
1354 2197 1460 2271 etiam
1485 2197 1588 2270 elteri
1613 2197 1661 2271 N.
1689 2200 1710 2270 7
1738 2200 1794 2293 (2)
1819 2207 1855 2272 et
1880 2198 1927 2272 N.
1955 2201 1977 2272 8
2003 2210 2038 2272 et

472 2315 621 2389 fortasse
657 2314 701 2387 N.
736 2317 758 2387 9
784 2317 849 2410 (3).
886 2313 1071 2387 Dubitetio
1106 2313 1218 2387 oritur
1253 2315 1296 2387 de
1321 2314 1368 2389 N.
1397 2316 1443 2387 10
1470 2313 1643 2410 siquidem
1669 2315 1699 2387 is
1733 2315 1826 2387 idem
1850 2321 1903 2388 est
1929 2323 2036 2411 atque

470 2433 532 2505 ille
567 2458 670 2528 quem
703 2432 813 2506 edidit
849 2431 980 2506 Sestini
1014 2433 1123 2528 (Mus.
1151 2434 1315 2506 Fontana
1341 2433 1378 2507 ΙΙ
1404 2432 1477 2505 tab.
1507 2436 1542 2505 4.
1573 2434 1632 2524 13)
1659 2434 1722 2528 (4),
1751 2456 1864 2528 neque
1890 2434 2035 2506 omnino

472 2551 574 2623 video
600 2551 662 2647 qui
688 2550 734 2623 N.
766 2552 806 2622 11
839 2553 890 2640 (5)
917 2557 953 2622 et
979 2548 1040 2622 ille
1064 2573 1169 2645 quem
1195 2549 1251 2622 vir
1275 2549 1366 2624 doct.
1394 2548 1696 2622 Imhoof·Blumer
1721 2548 1845 2644 (Num.
1866 2549 2035 2624 Zeitschr.

476 2670 571 2741 1877
599 2668 670 2741 tab.
701 2670 732 2739 1.
761 2670 823 2761 57)
856 2669 911 2763 (6)
944 2666 1092 2739 ediderit
1125 2674 1208 2739 ante
1243 2690 1378 2739 annum
1417 2668 1489 2739 374
1527 2667 1603 2739 6661
1626 2673 1754 2739 essent.
1799 2665 1890 2738 Onm
1917 2672 2033 2740 autem

469 2786 503 2878 3,
543 2788 577 2879 5,
619 2787 640 2851 6
677 2782 780 2856 66616
816 2783 1026 2879 Aeginetico
1061 2782 1209 2855 leviores
1243 2783 1316 2856 sint
1352 2784 1462 2879 (0.66,
1497 2784 1595 2878 0.70,
1630 2783 1732 2875 072)
1758 2787 1792 2852 et
1819 2781 1948 2854 litteris
1975 2803 2034 2855 κο

470 2907 624 2995 careant,
665 2923 724 2973 eos
749 2900 857 2974 aetati
890 2899 1087 2995 recentiori,
1123 2899 1199 2973 scil.
1235 2908 1315 2996 post
1350 2924 1506 2997 pugnam
1541 2898 1633 2997 apud
1661 2898 1913 2994 Chaeroneam,
1940 2922 2035 2971 anno

469 3019 554 3112 338,
590 3024 625 3090 et
658 3015 739 3090 aliis
772 3016 914 3090 Boeotis
951 3015 1104 3089 tribuere
1130 3039 1202 3088 non
1229 3016 1456 3112 dubitassem,
1485 3015 1556 3088 nisi
1582 3039 1638 3088 me
1664 3017 1688 3087 4
1712 3013 1948 3113 prohibuisset
1973 3016 2033 3111 qui

468 3133 572 3207 solito
598 3133 751 3232 pondere
776 3140 830 3206 est
855 3140 891 3205 et
917 3153 976 3205 κο
1003 3131 1211 3205 inscribitur
1235 3141 1270 3205 et
1296 3140 1415 3205 tamen
1439 3155 1461 3204 a
1487 3134 1521 3227 5,
1551 3133 1572 3203 6
1599 3130 1756 3225 disiungi
1773 3131 1907 3226 nequit.
1934 3131 2036 3204 Diffi-

470 3249 640 3323 cultatem
666 3272 739 3321 non
764 3248 915 3346 explico.
943 3248 1071 3321 Nescio
1097 3256 1217 3320 nbum
1243 3248 1502 3322 coniioiendom
1520 3249 1578 3344 sit,
1593 3247 1788 3322 Coroneam
1801 3258 1882 3344 post
1893 3272 2030 3320 annum

469 3368 542 3440 338
578 3366 777 3439 restitutam
812 3389 888 3439 esse
913 3367 955 3460 2),
987 3388 1045 3462 66,
1076 3371 1213 3462 praeter
1238 3366 1439 3463 opinionem
1465 3390 1591 3461 meam,
1618 3373 1725 3465 caput
1750 3364 1927 3461 Gorgonis
1953 3367 2031 3463 pul·

469 3508 581 3579 crum,
615 3484 707 3577 quod
748 3482 841 3555 nihil
867 3481 1103 3554 inhumanum
1128 3482 1274 3555 haberet
1299 3482 1369 3556 nisi
1394 3483 1509 3555 crines
1534 3483 1705 3577 anguium
1732 3483 1846 3556 instar
1872 3491 2031 3577 retortos,

471 3600 541 3673 iam
568 3605 651 3672 ante
677 3623 811 3673 annum
839 3601 911 3672 374
937 3603 1063 3670 natum
1088 3621 1163 3671 6666
1187 3598 1234 3671 sit
1261 3599 1502 3673 iudicandum.

470 3718 668 3789 456-446
698 3718 717 3788 l
746 3715 893 3790 Scotum
919 3714 1137 3789 Boeotioum.

368 3829 430 3916 sa''
466 3834 497 3928 )(
523 3832 608 3929 Cap.
645 3831 823 3928 Gorgonis
856 3833 943 3906 satis
975 3830 1100 3927 altum,
1136 3831 1249 3905 forma
1281 3841 1322 3905 ut
1355 3832 1412 3928 66,
1445 3831 1533 3928 ling.
1574 3855 1661 3927 exa,
1689 3833 1781 3905 rictu
1807 3833 1910 3929 mod,
1938 3832 2030 3905 ocul.

468 3972 599 4044 magn,
626 3949 717 4023 6166.
744 3949 866 4046 inqu.
894 3949 964 4023 inc.
993 3933 1168 4058 {gotmu-

465 4076 506 4144 di
536 4073 593 4158 12.
622 4072 718 4143 200.
745 4071 838 4144 1066.
865 4071 955 4145 Brit.
984 4073 1062 4147 Cat.
1090 4072 1114 4145 l.
1143 4073 1169 4146 l.
1196 4075 1268 4147 tab.
1296 4074 1329 4145 7.
1358 4074 1392 4167 6,
1425 4071 1539 4165 Head,
1566 4071 1674 4144 Num.
1701 4071 1785 4146 016.
1813 4071 1886 4146 ΙΙΙ.
1911 4071 2029 4146 Ltab.

468 4191 501 4261 0.
529 4190 564 4273 2,
591 4186 794 4283 Millingen,
820 4189 978 4261 Ancient
1004 4189 1113 4264 06166
1139 4191 1211 4262 tab.
1239 4190 1273 4261 4.
1303 4190 1338 4262 8.

465 4304 676 4378 387-374.

369 4423 412 4491 14
468 4428 490 4500 2
516 4428 546 4522 J(
572 4425 659 4523 Gap.
686 4425 863 4521 Gorgonis
890 4452 1049 4525 parvum,
1079 4429 1165 4524 ling.
1192 4453 1279 4525 exe,
1306 4427 2030 4523 6616660616.1661666666666666.

467 4551 508 4620 m
538 4547 595 4619 10.
622 4546 710 4618 097
737 4545 832 4619 Μ66.
859 4547 949 4620 Brit.
977 4547 1001 4620 l.
1029 4548 1052 4620 l.
1081 4549 1152 4621 tab.
1184 4548 1218 4620 7.
1246 4549 1280 4642 7,
1307 4547 1510 4641 Millingen,
1543 4547 1634 4622 Anc.
1662 4546 1770 4621 06166
1797 4547 1870 4618 tab.
1899 4547 1932 4617 4.
1963 4549 1994 4619 9.

409 4763 430 4835 ¹)
450 4765 630 4832 witberti
660 4760 690 4819 in
710 4761 848 4840 amphora
867 4782 889 4821 r.
912 4764 930 4821 1.
952 4765 1100 4839 (Gcrhard,
1121 4767 1156 4824 A.
1177 4766 1212 4824 V.
1234 4767 1301 4839 184)
1321 4766 1460 4823 thoracem
1482 4765 1621 4841 Gorgonis
1642 4761 1733 4840 capite
1752 4768 1882 4820 ornatum
1903 4760 1994 4818 hebet.

406 4856 430 4929 ¹)
449 4852 479 4912 81
499 4851 552 4910 hos
570 4860 643 4913 recte
664 4855 708 4914 his
727 4855 806 4914 annis
826 4856 1009 4934 adsignavere
1028 4878 1085 4917 non
1105 4858 1203 4918 dubito
1229 4858 1298 4938 quin
1317 4857 1366 4916 alii
1386 4859 1526 4918 nummuli
1546 4857 1671 4917 eiusdem
1690 4856 1824 4934 temporis
1844 4855 2029 4924 inveniantnr3

368 4968 412 5008 cx.
437 4967 479 5025 gr.
510 4966 525 5005 e
555 4948 631 5009 Mus.
661 4949 733 5009 Brit.
762 4940 821 5011 1.l.
852 4952 993 5031 Copamm
1023 4953 1061 5013 N.
1083 4957 1099 5012 l
1120 4953 1169 5013 ubi
1189 4973 1289 5013 nomen
1310 4953 1413 5013 civium
1432 4954 1562 5013 omnibus
1581 4951 1682 5012 litteris
1701 4950 1840 5021 scribitur,
1861 4950 2031 5008 Orchomeni

369 5041 408 5102 N.
428 5045 464 5100 83
494 5042 543 5119 qui
573 5043 631 5103 iam
660 5063 711 5123 pro
742 5051 787 5103 ΕΡ
818 5046 901 5105 habet
922 5054 970 5106 <to
992 5047 1068 5125 quod
1087 5054 1210 5107 ceterum
1231 5067 1286 5107 non
1307 5046 1361 5106 nisi
1381 5047 1410 5107 16
1430 5067 1546 5108 nummo
1566 5066 1652 5106 aeneo
1672 5046 1697 5105 ei
1719 5044 1774 5125 ipsi
1794 5043 1914 5122 tempori
1934 5043 2031 5102 tribu-

370 5141 432 5195 tum
451 5135 577 5195 occurrit.
