4808 6390
1304 503 1324 564 2

539 721 642 788 'luam
667 745 744 812 erga
768 745 819 789 me
843 723 1073 790 liberalitatem
1098 724 1410 809 humanitatemque,
1433 721 1619 789 Olarissime
1642 724 1796 803 Pusaeus,
1819 724 1900 789 satis
1922 723 2055 789 laudare
2075 745 2141 789 non

487 853 628 916 possum.
676 834 795 911 Quodsi
831 840 924 901 vasta
959 840 1016 900 tua
1053 839 1086 900 et
1121 835 1278 899 immensa
1312 835 1347 898 in
1385 834 1475 900 omni
1508 855 1624 922 genere
1647 832 1891 918 disciplinarum
1914 833 2053 899 eruditio
2075 855 2141 899 non

493 941 568 1028 plus
592 966 689 1030 quam
714 967 748 1010 re
771 967 846 1010 vera
871 946 946 1024 fuit,
970 945 1047 1010 huic
1071 944 1161 1030 operi
1184 944 1319 1029 profuit,
1344 942 1376 1008 id
1400 964 1459 1008 nec
1482 964 1554 1008 mea
1577 941 1673 1027 culpa
1689 964 1792 1029 neque
1806 943 1932 1008 incuria
1948 943 2141 1008 tuafaotum

486 1058 547 1132 est,
571 1076 681 1120 verum
706 1056 802 1140 quod,
827 1078 866 1121 ex
889 1061 983 1142 parte
1005 1061 1101 1135 certe,
1125 1059 1199 1120 tuas
1222 1053 1308 1138 apud
1331 1074 1382 1118 me
1405 1056 1514 1138 partes
1536 1057 1630 1137 pater
1651 1057 1845 1139 susceperat.

534 1164 701 1240 Quomodo
727 1170 835 1232 autem
859 1167 1000 1254 gratiam
1024 1165 1097 1244 tibi,
1129 1164 1314 1231 Clarissima
1338 1162 1465 1240 Nesus,
1501 1162 1637 1228 referam
1661 1164 1719 1247 qui
1741 1185 1836 1249 saepe
1859 1185 1911 1228 me
1934 1163 1973 1228 ds
1995 1186 2047 1229 me
2070 1164 2141 1248 ipso

488 1275 681 1341 diffidentem
717 1277 919 1354 sustentasti,
955 1277 1012 1361 qui
1050 1298 1178 1341 severus
1214 1276 1281 1360 ipse
1317 1276 1352 1340 in
1386 1273 1567 1360 disciplina,
1614 1296 1665 1340 me
1709 1280 1820 1342 tamen
1859 1275 1955 1341 facile
1991 1273 2059 1340 alia
2088 1276 2143 1340 via

489 1388 603 1475 vagari
625 1409 738 1471 passus
759 1410 803 1465 es,
840 1410 943 1473 neque
979 1387 1052 1452 aliis
1077 1387 1206 1471 quidem
1230 1385 1339 1451 hercle
1361 1408 1412 1451 me
1436 1385 1654 1470 posthabuisti
1678 1387 1732 1451 sed
1756 1386 1866 1451 eadem
1890 1408 1967 1452 cura
1990 1392 2023 1452 et
2046 1387 2144 1452 bene-

490 1497 634 1564 volentia
658 1499 827 1564 educasti?

537 1609 578 1673 In
614 1614 671 1674 tua
705 1608 895 1694 praesertim
935 1607 1058 1680 schola,
1093 1605 1219 1686 Naum,
1256 1612 1363 1672 mente
1398 1627 1505 1672 tenere
1542 1607 1637 1672 didici
1661 1606 1743 1672 illud
1768 1609 1864 1694 νᾶφε
1887 1606 1954 1674 καὶ
1977 1609 2145 1695 μέμαθ’

494 1714 681 1795 άπιστεῖν,
723 1717 809 1803 quod
845 1718 872 1782 si
908 1718 989 1783 artis
1020 1717 1177 1783 historiae
1199 1716 1344 1782 studioso
1369 1716 1404 1781 in
1427 1718 1541 1802 primis
1564 1718 1779 1783 necessarium
1803 1739 1871 1783 esse
1893 1718 2054 1801 praedico,
2078 1740 2144 1784 non

488 1849 600 1894 vereor
623 1851 663 1892 ne
687 1828 748 1916 tibi
772 1827 970 1912 displiceam,
994 1826 1177 1893 clarissime
1200 1825 1346 1892 Knnuni.

539 1914 663 2004 iereor
698 1938 808 2023 potius
843 1943 881 2003 ut
917 1938 979 2003 tibi
1014 1939 1078 2004 hoc
1112 1937 1317 2023 opusculum,
1352 1940 1410 2003 etsi
1442 1944 1476 2004 te
1501 1942 1637 2003 auctore
1659 1945 1856 2025 susceptum,
1888 1940 2033 2025 probem,
2057 1943 2144 2024 quod

498 2049 596 2114 nimie
635 2048 809 2133 impeditus
840 2048 917 2113 ordo
943 2048 1167 2134 indigestaque
1190 2048 1325 2113 materia
1348 2048 1513 2113 remansit.
1556 2046 1591 2114 Si
1615 2053 1725 2114 tamen
1750 2070 1790 2114 ex
1813 2053 1906 2135 parte
1930 2049 1992 2114 tibi
2016 2050 2145 2116 satisfe-

494 2159 575 2225 cisse
606 2163 742 2243 potueru
778 2181 843 2224 non
879 2159 999 2224 frustra
1031 2180 1083 2224 me
1114 2162 1165 2224 tot
1189 2159 1363 2244 suscepisse
1388 2160 1514 2225 labores
1538 2160 1674 2244 putabo,
1698 2161 1760 2226 tibi
1784 2162 1872 2227 enim
1896 2160 2025 2245 placere
2049 2162 2144 2246 cupio

494 2274 563 2335 tam
598 2273 730 2354 propter
764 2274 897 2334 acutum
932 2273 966 2333 et
996 2267 1127 2356 elegans
1150 2274 1244 2334 tuum
1268 2269 1434 2356 ingenium
1458 2289 1557 2354 quam
1585 2270 1627 2335 ob
1651 2292 1812 2336 summam
1836 2270 2057 2336 urbanitatem
2081 2293 2146 2356 qua

492 2402 543 2446 me
566 2381 771 2468 peregrinum
795 2385 828 2446 et
851 2380 1001 2467 ignotum
1024 2379 1138 2444 statim
1161 2379 1388 2445 familiaritate
1411 2384 1469 2445 tua
1493 2380 1661 2466 amplexus
1682 2402 1726 2446 es.

539 2489 620 2557 (ium
642 2491 740 2557 huius
763 2496 873 2556 autem
899 2490 949 2555 tui
973 2490 1055 2555 mihi
1079 2511 1204 2576 semper
1227 2490 1414 2555 associanda
1438 2490 1500 2556 erit
1526 2491 1693 2569 memoria,
1733 2488 1921 2557 Clarissima
1939 2490 2146 2565 Buacunnnn,

493 2624 560 2668 non
584 2601 708 2667 minore
732 2601 818 2667 enim
842 2601 997 2666 comitate
1013 2622 1064 2665 me
1088 2600 1250 2685 excepisti.
2050 2678 2053 2682 ι

538 2711 642 2778 Vobis
666 2711 827 2788 omnibus,
852 2710 910 2795 qui
934 2710 1012 2776 huic
1034 2709 1147 2777 libello
1172 2716 1230 2776 aut
1253 2710 1393 2776 multum
1418 2716 1476 2776 aut
1500 2710 1625 2795 aliquid
1648 2709 1824 2791 adtulistis,
1847 2714 1971 2800 gratias
1995 2714 2049 2777 hic
2072 2735 2146 2800 ago,

497 2847 570 2890 cum
605 2829 716 2889 tamen
748 2822 853 2888 officia
879 2827 985 2887 vestra
1009 2843 1068 2887 suo
1091 2842 1237 2906 quaeque
1261 2821 1334 2886 loco
1359 2823 1614 2900 memoraverim,
1653 2843 1693 2886 ne
1717 2827 1824 2888 vestra
1849 2823 1994 2889 omnium
2019 2825 2148 2908 quidem

501 2935 625 3001 mentio
662 2935 715 2999 hic
750 2933 896 2999 iteranda
920 2938 979 3022 est.
1026 2931 1170 2999 Nomina
1195 2936 1304 2997 tamen
1328 2937 1435 2997 vestra
1458 2937 1565 2998 tacere
1590 2931 1680 3010 nolo,
1711 2932 1786 2998 Viri
1809 2931 1998 3000 Doctissimi
2022 2934 2149 3001 Parum

500 3050 533 3111 et
555 3045 782 3121 Wnnmmn
805 3066 912 3110 rerum
928 3044 1163 3132 Aegyptiarum
1179 3042 1377 3127 peritissimi,
1402 3064 1506 3130 neque
1521 3046 1639 3122 vestra,
1657 3042 1731 3108 Viri
1746 3042 1935 3110 Doctissimi
1951 3044 2148 3126 Rarussou,

499 3156 557 3242 qui
588 3179 639 3222 me
675 3161 713 3222 ut
734 3154 839 3220 Musei
858 3154 1052 3240 Luporensis
1075 3158 1108 3219 et
1130 3150 1413 3218 Iuncus-Banasa
1435 3154 1492 3237 qui
1516 3176 1568 3220 me
1590 3158 1628 3220 ut
1651 3154 1718 3220 tuis
1742 3153 1866 3220 divitiis
1890 3158 1998 3220 uterer
2020 3177 2149 3255 conces·

499 3266 598 3334 sistis.
645 3266 739 3332 Piam
763 3269 872 3332 autem
896 3265 1085 3331 memoriam
1109 3263 1241 3330 Muamr
1264 3262 1368 3329 celare
1391 3263 1506 3352 religio
1531 3269 1589 3331 est.

544 3376 654 3443 Laudo
679 3376 817 3442 editores
841 3375 898 3461 qni
923 3397 974 3441 me
998 3374 1109 3441 sedulo
1133 3373 1368 3462 diligenterque
1391 3394 1448 3457 pro
1470 3374 1538 3440 suis
1561 3375 1664 3462 copiis
1687 3373 1893 3441 adiuverunt.

544 3484 627 3552 Cum
661 3485 775 3551 amicis
804 3490 873 3551 tum
907 3484 1119 3571 popularibus
1142 3506 1240 3571 quam
1263 3483 1441 3571 peregrinis
1465 3504 1530 3567 quo
1555 3485 1676 3551 amoris
1700 3485 1886 3574 adstringat
1908 3485 2052 3565 vinculo,
2076 3508 2150 3551 cum

499 3596 562 3682 ipsi
582 3596 698 3674 sciant,
722 3595 799 3679 quid
822 3595 1008 3681 praedicare
1031 3594 1181 3680 prodest?

545 3706 760 3782 Postremum,
793 3727 845 3770 me
877 3725 942 3769 uon
979 3705 1042 3770 nisi
1076 3704 1157 3792 legis
1181 3705 1370 3770 necessitate
1409 3709 1559 3769 coactum
1584 3704 1689 3770 latino
1714 3725 1861 3770 sermone
1885 3727 1979 3771 usum
2004 3727 2071 3772 esse
2094 3728 2151 3771 vos

500 3838 628 3896 monuo,
653 3820 802 3882 externos
823 3814 976 3893 eruditos,

900 4012 929 4078 si
953 4013 1010 4097 qui
1034 4012 1119 4079 forte
1141 4034 1286 4078 mearum
1310 4015 1507 4100 ineptiarum

899 4123 1036 4190 lectores
1059 4124 1150 4190 eritis
1174 4147 1353 4210 manusque
1376 4132 1499 4193 vestras

902 4259 968 4301 non
992 4236 1169 4303 horrebitis
1191 4236 1360 4302 admovere
1383 4237 1489 4303 nobis.
