4808 6390
1205 595 1252 667 68

494 818 523 904 )(
561 807 720 880 Victoria
762 808 796 883 d.
835 809 941 906 alata,
979 809 1154 906 gradiens,
1193 809 1339 882 sinistra
1362 807 1518 907 palmam
1544 809 1584 881 iu
1611 833 1730 883 umero
1753 810 1904 908 positam
1932 815 2057 884 tenens

494 949 602 1022 quam
627 925 752 999 dextra
778 927 895 1000 taenia
920 934 1034 1023 omat,
1061 944 1242 1023 aar-xor,
1268 949 1542 1022 monogramma.

494 1041 544 1116 AE
570 1044 629 1116 20.
657 1045 890 1117 Ί.80-6.60.
917 1044 1008 1119 0011.
1035 1044 1100 1119 Six
1124 1047 1165 1140 (5
1191 1043 1372 1142 exempl.).

543 1158 598 1233 Cs.
638 1159 898 1234 Chabaotorum
925 1186 1090 1236 nummus
1117 1161 1225 1251 (Mus.
1252 1161 1396 1235 Hunter
1421 1160 1492 1233 tab.
1523 1161 1579 1233 17.
1610 1162 1628 1232 1
1657 1183 1729 1234 non
1756 1161 1872 1251 male).
1926 1161 2057 1235 Admo-

498 1274 583 1349 dum
608 1301 718 1374 prava
744 1286 798 1350 est
823 1280 939 1374 imago
965 1278 1057 1376 apud
1083 1277 1405 1352 Molles-Wieseler
1432 1276 1486 1366 (ΙΙ
1512 1277 1584 1351 tab.
1612 1278 1669 1350 52.
1699 1279 1797 1369 918).

544 1396 642 1467 Ante
680 1418 814 1468 annum
852 1399 899 1468 49
934 1421 966 1470 a.
1003 1395 1087 1470 Chr.
1126 1421 1162 1470 ιι.
1201 1420 1260 1469 eos
1303 1418 1404 1467 ousos
1443 1417 1519 1468 esse
1554 1393 1655 1467 docet
1697 1393 1739 1466 de
1772 1393 1912 1467 Koehne
1946 1394 2053 1488 (Mus.

496 1511 749 1610 Kotsohoubep
776 1515 815 1588 ΙΙ
840 1539 898 1612 pg.
931 1517 1027 1610 162),
1068 1539 1231 1588 nummos
1256 1515 1352 1589 enim
1377 1513 1487 1586 edidit
1513 1513 1707 1587 Arohoutis
1746 1512 2056 1607 Asand1i(anno·

497 1650 576 1700 rum
602 1631 765 1720 49-42)
792 1631 854 1726 qui
880 1631 1032 1727 vestigia
1058 1654 1281 1704 nummorum
1306 1630 1425 1704 Amisi
1450 1641 1605 1703 servant.

548 1745 617 1818 His
643 1747 768 1820 addam
795 1749 900 1845 paulo
927 1749 1130 1846 antiquiora
1155 1774 1175 1821 e
1199 1749 1355 1821 nummis
1381 1748 1573 1845 quadratis,
1600 1771 1645 1820 ex
1672 1747 1777 1821 ludia
1801 1747 1971 1821 oriundis.

499 1865 516 1935 1
554 1863 639 1961 Cap.
676 1864 853 1960 Gorgonis
892 1866 962 1940 fere
1000 1879 1040 1939 ut
1079 1869 1141 1962 la',
1177 1872 1218 1939 ut
1253 1865 1404 1960 videtur,
1419 1936 1422 1941 ,
1439 1865 1478 1937 in
1511 1864 1633 1960 aegide
1670 1888 1838 1962 expansa,
1864 1863 2054 1962 papilionis

495 1979 568 2053 sere
594 1981 717 2077 figura,
746 1996 949 2066 (saxosos
969 2001 1150 2053 urraooeor
1170 2000 1367 2054 ΑΝτιιιΑκογ
1393 1983 1484 2077 (sie).
1604 2075 1608 2083 ί

496 2102 524 2191 )(
551 2097 676 2170 Palma
701 2104 736 2170 et
763 2121 901 2190 eorona,
930 2096 1058 2170 litteris
1085 2097 1253 2171 Arianis:
1272 2099 1498 2194 Maharajasa
1520 2096 1760 2195 japadharasa
1778 2094 2053 2169 Antimakhasa.

494 2211 541 2284 AE
570 2217 602 2283 [l
634 2216 692 2287 20.
723 2215 971 2287 10.56-Ἱ.64
998 2213 1105 2288 Num.
1134 2213 1264 2288 Chron.
1292 2215 1338 2288 N.
1365 2215 1400 2288 S.
1429 2215 1486 2288 IX
1516 2215 1588 2288 tab.
1617 2216 1652 2287 8.
1681 2216 1713 2285 2.

543 2331 654 2404 Aetas
691 2331 900 2404 Antimaehi
926 2329 1025 2403 illius
1051 2331 1246 2428 ignoratur,
1273 2333 1348 2405 eius
1374 2356 1523 2427 regnum
1549 2355 1643 2405 anuo
1672 2333 1741 2404 165
1769 2354 1801 2404 a.
1827 2331 1911 2403 Chr.
1939 2354 1975 2404 ιι.
2002 2353 2054 2401 re·

493 2448 629 2520 centius
655 2448 763 2521 fuisse
801 2448 1057 2520 demonstravit
1091 2450 1147 2521 vir
1181 2449 1271 2523 doct.
1311 2474 1381 2522 von
1417 2449 1529 2524 Sallet
1556 2449 1656 2539 (Zeit.
1685 2450 1708 2519 f.
1734 2447 1842 2520 Num.
1874 2448 1967 2521 1870
1993 2471 2051 2545 pg.

494 2566 565 2636 203
591 2571 627 2638 et
654 2566 754 2659 307).

493 2684 515 2753 2
542 2683 658 2779 Caput
683 2683 716 2756 d.
744 2681 922 2778 galeatum
948 2681 1142 2776 Minervae,
1172 2697 1348 2750 Βιῑιιιειιῑ
1384 2699 1546 2751 ῑιιτΗΡοῑ
1577 2697 1804 2753 manauere.

490 2801 518 2892 )(
543 2798 629 2896 Gap.
657 2799 833 2895 Gorgonis
859 2799 930 2872 fere
956 2800 1059 2895 idem,
1088 2799 1127 2871 in
1153 2798 1267 2871 medio
1282 2797 1408 2896 clipeo,
1422 2798 1556 2894 aegidis
1569 2796 1725 2892 squamis
1740 2795 1902 2889 obduoto,
1922 2795 2052 2868 litteris

490 2915 657 2989 Arianis:
684 2915 910 3011 Maharajasa
939 2917 1116 2988 tradatasa
1142 2914 1390 2988 Menandrasa.

490 3031 539 3105 AE
566 3035 625 3106 22.
656 3035 879 3106 8.49-8.10
905 3032 1014 3106 Num.
1042 3033 1173 3108 Chion.
1201 3033 1247 3106 N.
1274 3033 1310 3106 S.
1338 3032 1376 3104 X
1400 3031 1473 3103 tab.
1503 3033 1560 3103 18.
1589 3032 1623 3103 3.

540 3149 746 3244 Menander,
786 3150 852 3222 etsi
892 3150 986 3222 inter
1022 3151 1214 3223 nobiliores
1241 3149 1367 3222 Indiae
1394 3171 1493 3242 reges
1519 3143 1765 3220 memorandus
1793 3150 1857 3228 est,
1885 3143 2051 3239 temporis

491 3274 545 3340 est
570 3268 707 3341 incerti.
760 3267 1013 3363 Gunniugham
1040 3267 1162 3359 (Num.
1191 3267 1321 3342 Chrou.
1349 3267 1396 3339 N.
1424 3265 1459 3338 S.
1487 3266 1524 3339 X
1550 3289 1608 3362 pg.
1636 3264 1709 3335 220
1735 3266 1826 3357 sqq.)
1841 3285 1921 3334 eum
1937 3260 2050 3334 medio

491 3386 609 3460 seculo
635 3387 675 3459 II
700 3394 783 3459 ante
809 3386 892 3461 Ohr.
920 3412 956 3460 ιι.
984 3411 1151 3482 regnasse
1176 3388 1418 3460 demonstrare
1444 3391 1591 3457 conatus
1617 3388 1681 3455 est.

544 3504 728 3600 Sequatur,
755 3528 837 3576 nam
864 3504 1056 3577 seeundum
1083 3504 1200 3577 virum
1227 3504 1271 3577 cl.
1288 3503 1485 3575 Mommsen
1500 3502 1719 3574 intraannos
1736 3498 1931 3569 114-104
1945 3519 2050 3570 eusus

492 3629 555 3714 est,
582 3621 692 3693 triens
718 3621 919 3693 Romanus:

540 3739 656 3837 Caput
671 3740 855 3813 Minervae
869 3741 915 3834 d.,
927 3739 1008 3812 oire.
1019 3739 1160 3833 monile,
1176 3771 1262 3818 m
1275 3770 1311 3831 ο,
1324 3759 1373 3810 cu
1387 3733 1556 3813 nourtius
1569 3741 1596 3827 )(
1612 3758 1637 3807 Μ
1651 3756 1819 3810 suanus
1829 3754 2048 3819 morarius.

493 3855 578 3953 Cap.
607 3855 783 3951 Gorgonis
808 3857 944 3950 tritum,
971 3856 1009 3928 in
1035 3855 1156 3951 aegide
1181 3855 1301 3927 desem
1323 3851 1504 3924 lateribus.

493 3973 540 4046 AE
566 3977 626 4047 23.
654 4017 701 4028 -
728 3975 821 4048 Bibl.
850 3975 973 4049 Fr.·G.
1002 3973 1123 4048 Coheu
1150 3973 1222 4046 tab.
1250 3973 1309 4043 54.
1337 3967 1461 4042 Curtia
1488 3970 1522 4040 2.

541 4094 722 4166 Postremo
755 4092 839 4165 huic
875 4094 993 4188 generi
1021 4093 1163 4165 tertiam
1189 4088 1361 4162 familiam
1388 4085 1527 4181 addam,
1563 4107 1653 4180 quae
1680 4106 1752 4156 non
1778 4083 1848 4155 nisi
1874 4082 2049 4178 anguibus

491 4218 554 4284 aut
579 4209 701 4283 multis
727 4218 790 4283 aut
815 4211 1015 4307 permagnis
1042 4207 1264 4304 agnoscenda
1289 4212 1353 4278 est.
1380 4203 1437 4276 En
1464 4203 1530 4275 tibi
1555 4200 1727 4298 exempla:

492 4328 577 4426 Gap.
591 4327 767 4423 Gorgonis
781 4328 868 4399 erin.
883 4328 971 4400 med.
985 4328 1069 4422 div,
1084 4327 1207 4400 VIII?
1219 4348 1301 4418 ang.
1315 4321 1513 4394 maculosis.
1540 4319 1585 4392 In
1603 4318 1717 4391 medio
1730 4317 1842 4415 elipeo
1855 4316 2047 4390 Minervae.

539 4444 722 4541 Amphora
759 4444 855 4516 rubr.
895 4444 965 4539 fig,
1007 4444 1186 4518 Italieai:
1224 4439 1403 4513 Iudicium
1441 4436 1593 4510 Paridis.
1632 4441 1659 4527 )(
1693 4432 1829 4507 Neouia
1855 4435 1882 4506 2.
1917 4431 2047 4506 Bullet.

489 4561 598 4635 Areh.
626 4562 717 4659 Nap.
745 4560 773 4632 Ι.
800 4561 872 4633 tab.
901 4566 934 4633 6.

490 4678 576 4775 Gap.
604 4678 778 4773 Gorgonis
804 4677 891 4750 erin.
921 4678 1010 4750 med.
1037 4677 1122 4771 div,
1149 4675 1204 4748 IV
1231 4697 1313 4769 ang.
1341 4697 1460 4768 magn.

539 4794 584 4867 In
597 4803 735 4891 pectore
746 4795 939 4888 Minervae,
965 4806 1196 4888 asuerum,
1223 4792 1262 4864 in
1288 4789 1440 4887 speculo.
1469 4787 1642 4863 Gerhard.
1670 4787 1747 4860 Etr.
1775 4785 1834 4882 sp.
1863 4783 1933 4856 tab.
1963 4782 2048 4854 305.

391 4912 437 4977 db
487 4911 572 5008 Cap.
613 4909 789 5006 Gorgonis
827 4909 945 5004 altius,
986 4910 1073 4982 erin.
1113 4909 1203 4982 med.
1243 4909 1328 5003 div,
1365 4905 1419 4979 [V
1446 4929 1542 5000 ang..

538 5028 584 5100 Ιιι
609 5035 747 5125 pectore
773 5026 1002 5100 Germanioi?
1028 5030 1088 5119 (15
1116 5051 1148 5099 a.
1174 5024 1258 5099 Chr.
1287 5050 1322 5097 n.
1351 5066 1398 5076 -—
1426 5024 1473 5096 28
1492 5047 1525 5120 p.
1541 5020 1624 5094 Chr.
1643 5024 1706 5107 n).
1732 5018 1852 5114 Onyx.
1872 5012 2046 5108 visconti,

489 5142 587 5219 Ieon.
614 5143 718 5217 Rom.
747 5143 819 5216 tab.
848 5146 907 5216 24.
935 5147 970 5214 5.
