4808 6390
367 724 416 783 111

1173 612 1221 682 40

470 840 641 893 arnusto
666 822 856 920 inscriptis.
908 822 962 897 De
988 846 1114 896 cancro
1140 823 1256 896 nescio
1282 823 1365 919 quid
1391 845 1574 916 censeam;
1609 827 1729 894 utrum
1752 822 1890 895 credam
1915 824 2024 898 Asta·

470 962 575 1012 cenos
617 963 755 1035 quoque
794 938 924 1012 nostris
963 940 1118 1012 nummis
1143 963 1225 1013 usos
1250 964 1336 1034 esse,
1363 964 1410 1013 an
1436 939 1553 1037 potius
1579 961 1624 1010 ex
1650 937 1836 1010 Athenaeo
1861 937 1936 1025 (III
1959 963 2020 1036 pg.

468 1058 538 1128 105
565 1055 587 1126 d
613 1062 648 1128 et
672 1062 707 1145 a)
731 1054 962 1128 Aristotelem
987 1062 1023 1128 et
1048 1054 1320 1129 Archestratum
1346 1063 1452 1130 testes
1479 1055 1595 1137 sitem,
1623 1052 1685 1148 qui
1702 1052 1942 1126 demonstrent
1955 1052 2020 1127 toti

467 1171 521 1244 illi
560 1171 695 1266 regioni
729 1171 894 1244 idoneum
920 1170 988 1244 hoc
1012 1195 1087 1245 esse
1114 1173 1266 1268 signum.
1323 1168 1585 1264 Ἀριστοτέλης
1608 1161 1645 1236 δ’
1671 1165 1713 1238 ἐν
1735 1171 1889 1261 πέμπτῳ
1910 1168 2021 1261 ζῴων

464 1289 615 1378 μορίων
764 1283 955 1358 Γίνονται
1084 1282 1159 1357 οἵδ’
1184 1287 1354 1360 ἀστακοί
1383 1287 1424 1359 ἐν
1460 1296 1546 1367 τοῖς
1583 1284 1701 1366 λείοις
1800 1278 1864 1356 διὸ
1887 1283 1958 1357 καί
1978 1285 2021 1360 ἐν

467 1397 802 1497 Ἑλλησπόντῳ
840 1403 915 1492 μὲν
938 1405 1114 1497 καὶπερὶ
1144 1407 1277 1478 Θάσον
1304 1405 1470 1476 ἀστακοὶ
1494 1407 1677 1497 γίνονται

466 1517 536 1588 καὶ
561 1520 845 1613 Ἀρχέστρατος
868 1520 942 1613 γάρ
965 1519 1006 1591 ἓν
1029 1528 1081 1613 τῷ
1106 1516 1303 1616 διαβοήτῳ
1327 1526 1574 1611 ποήματι...;

515 1633 606 1705 Εἰσὶ
642 1630 682 1706 δὲ
713 1636 883 1708 πλεῖστοι
920 1639 991 1728 μὲν
1025 1638 1183 1710 πάντων
1205 1639 1314 1733 αρετῃ
1338 1666 1376 1709 τε
1400 1638 1601 1730 κράτιστοι
1626 1640 1688 1723 (so.
1714 1636 1739 1710 l.
1766 1632 1948 1724 ἀστακοὶ)

513 1750 554 1823 ἐν
581 1753 787 1847 Λιπάραις,
811 1752 973 1837 πολλοὺς
997 1749 1127 1826 δὲκαὶ
1154 1755 1498 1842 Ἑλλήσποντος
1522 1749 1708 1848 ἀθροίζει.

513 1873 710 1946 Maximam
735 1881 853 1948 autem
879 1872 1121 1948 difficultatem
1148 1882 1265 1948 movet
1289 1899 1418 1948 ancora
1442 1898 1532 1971 quae
1557 1870 1754 1945 maritimae
1778 1870 1859 1943 urbi
1876 1876 2017 1944 tantum

461 1998 546 2087 apta
584 1989 734 2064 videtur.
784 1991 933 2064 Frustra
971 1992 1130 2087 quaesivi
1164 1999 1282 2065 utrum
1308 1992 1503 2089 Ryndacus
1529 1990 1660 2062 flumen
1687 1985 1902 2081 navigabilis
1927 1992 2018 2060 esset

461 2130 509 2178 an
548 2131 631 2194 non,
672 2131 796 2180 verum
828 2107 880 2180 ita
917 2108 1025 2181 luisse
1059 2110 1218 2207 suspicor·
1255 2109 1348 2204 qnod
1375 2131 1541 2182 nummus
1567 2111 1684 2180 exstat
1710 2103 1871 2201 Septimii
1896 2103 2017 2179 Severi

462 2228 756 2294 ΑΠοΛΛοΝιΑτοΝ
778 2242 876 2294 eruo
903 2227 1095 2324 inscriptus
1120 2227 1297 2316 (Mionnet
1323 2227 1398 2300 XII
1425 2251 1483 2324 pg.
1512 2226 1582 2298 291
1610 2223 1658 2296 N.
1678 2225 1740 2316 70)
1765 2221 1866 2294 ouius
1892 2246 2015 2297 auersa

461 2364 543 2437 pars
581 2364 708 2413 navem
742 2339 831 2413 velis
858 2348 995 2413 vectam
1023 2341 1177 2416 exhibet.
1231 2342 1268 2416 Si
1293 2350 1411 2416 autem
1437 2341 1507 2415 fuit
1533 2341 1596 2413 rix
1619 2337 1908 2436 Appolloniatide
1932 2338 2012 2414 lacu

462 2465 604 2553 portum
628 2456 742 2552 magis
783 2480 954 2552 securum,
994 2458 1058 2530 vix
1083 2483 1213 2531 ancora
1238 2467 1364 2557 typum
1388 2458 1503 2553 magis
1529 2455 1743 2553 Apolloniae
1767 2461 1891 2551 aptum
1915 2455 2013 2530 inve-

461 2573 568 2645 nires.
595 2571 659 2645 Sin
685 2572 815 2667 minus,
842 2572 906 2645 illa
933 2583 1050 2647 tamen
1078 2575 1161 2647 urbs
1187 2599 1278 2671 quae
1303 2600 1394 2648 nave
1408 2574 1574 2669 signavit,
1591 2595 1720 2647 ancora
1732 2570 1872 2665 signare
1886 2570 2012 2668 potuit.

459 2686 496 2760 Si
521 2687 607 2760 haee
633 2696 751 2761 tamen
777 2689 879 2761 navis
904 2690 1024 2784 Argus
1050 2689 1166 2785 imago
1192 2698 1293 2785 esset,
1309 2714 1439 2764 ancora
1451 2711 1721 2763 commemorare
1735 2692 1851 2784 posset
1861 2685 2014 2785 lapidem

460 2827 530 2899 quo
560 2806 790 2899 Argonautae
814 2827 962 2877 ancorae
987 2803 1063 2878 loco
1090 2813 1283 2894 uterentur,
1311 2807 1442 2903 quique
1467 2807 1513 2879 ab
1538 2805 1612 2877 illis
1636 2803 1790 2897 relictus,
1823 2809 1943 2899 postea
1966 2802 2013 2876 ab

463 2923 612 2994 Artanes
638 2922 878 2995 conditoribus
902 2922 1085 2996 Minervae
1109 2924 1272 2998 Iasoniae
1298 2936 1400 2999 votus
1420 2931 1522 2998 esset.
1549 2920 1730 3020 (Apollon.
1746 2919 1861 2994 Rhod.
1884 2921 1914 2994 I.
1937 2922 2009 2994 952

459 3062 540 3111 cum
566 3038 698 3128 Schol.)

510 3155 593 3228 Non
627 3155 717 3228 dabo
748 3154 818 3227 nisi
853 3178 1016 3228 nummos
1054 3179 1142 3251 quos
1178 3157 1272 3254 ipsos
1311 3164 1375 3231 aut
1416 3182 1565 3254 quorum
1590 3163 1733 3254 ectypos
1758 3155 1816 3228 vel
1840 3153 2011 3250 imagines

463 3271 537 3343 virli
564 3280 599 3344 et
633 3284 807 3367 quantum
833 3279 954 3369 potero
980 3272 1101 3346 ordine
1126 3273 1323 3371 dispositos.
1350 3275 1409 3347 Ad
1435 3299 1512 3348 eam
1537 3298 1609 3347 rem
1635 3296 1720 3346 usus
1746 3295 1834 3367 sum,
1859 3271 2012 3368 primum

461 3387 614 3483 pondere
651 3396 686 3461 et
724 3388 876 3461 feriundi
916 3389 1126 3474 mutatione,
1166 3389 1302 3485 deinde,
1345 3398 1482 3488 praeter
1519 3393 1635 3487 ipsum
1674 3387 1849 3483 Gorgonis
1894 3393 2010 3484 eaput,

461 3528 611 3578 ancorae
636 3506 747 3579 forma
773 3511 961 3601 (quantum
985 3506 1086 3602 potui
1112 3530 1194 3579 nam
1221 3508 1370 3605 turpiter
1395 3508 1535 3604 neglexi
1561 3506 1686 3580 harum
1700 3506 1855 3579 omnium
1869 3512 2012 3604 ectypos

465 3632 614 3719 parare),
641 3622 823 3695 literarum
849 3621 1077 3718 dispositione
1103 3630 1138 3695 et
1160 3624 1331 3719 anguium
1357 3624 1489 3720 figuris.

466 3742 484 3811 1
514 3740 657 3812 Ancora
682 3741 833 3818 inversa,
858 3739 903 3810 ad
929 3739 962 3811 d.
988 3739 1129 3835 squilla.
1154 3741 1193 3813 in
1219 3765 1269 3814 ar.
1296 3764 1372 3814 oar.

409 3855 416 3886 '
465 3864 494 3950 l(
519 3858 605 3955 Gap.
632 3856 807 3952 Gorgonis
832 3856 919 3951 ling.
945 3879 1033 3952 ers,
1059 3857 1152 3930 rictu
1176 3856 1360 3951 latissimo,
1387 3858 1481 3930 dent.
1496 3857 1633 3930 caninis
1650 3880 1781 3954 magn,
1794 3854 1885 3930 ocul.
1899 3877 2009 3952 parv„

463 3998 538 4046 aur.
566 3980 629 4047 aut
653 3974 742 4048 null.
768 3983 831 4046 aut
855 3998 967 4071 parv„
994 3975 1071 4047 crin
1096 3975 1168 4048 fere
1193 3975 1296 4070 null,
1322 3974 1458 4048 XVIII
1484 3999 1565 4071 ang.
1593 3998 1702 4071 parv„
1730 3976 1769 4047 in
1793 3997 1843 4046 ar.
1870 3983 1945 4045 car.

465 4094 505 4162 m
537 4096 594 4164 15.
620 4093 705 4164 ulo
730 4089 824 4163 Bibl.
850 4088 972 4163 Fn-G.
998 4090 1044 4163 N.
1075 4093 1181 4165 1642.

464 4211 485 4280 2
513 4208 623 4282 Idem.
658 4211 686 4299 l(
711 4207 797 4304 Cap.
825 4204 1000 4301 Gorgonis
1035 4208 1106 4280 fere
1135 4207 1240 4304 idem,
1266 4209 1357 4281 rictu
1381 4207 1499 4280 minus
1524 4206 1607 4302 lato,
1633 4204 1770 4281 XVIII
1795 4227 1876 4298 ang.
1903 4201 2009 4275 maio·

457 4326 579 4420 ribus,
605 4325 645 4398 in
670 4349 720 4398 ar.
747 4349 822 4400 aar.

459 4449 499 4516 Al
529 4446 586 4516 13.
614 4445 709 4516 324.
738 4444 831 4517 Mus.
856 4446 946 4520 Brit.
973 4442 1086 4538 Hasd,
1114 4441 1231 4516 Guide
1256 4439 1327 4513 tab.
1357 4443 1415 4514 10.
1442 4443 1501 4514 22.

459 4561 619 4635 3Idem.
657 4567 685 4656 l(
719 4562 803 4658 (lap.
841 4561 1016 4658 Gorgonis
1050 4559 1121 4633 lere
1154 4580 1297 4656 prorsus
1330 4557 1433 4651 idem,
1459 4559 1552 4631 rictu
1578 4559 1696 4631 minus
1720 4556 1805 4654 lata,
1831 4556 1890 4629 sed
1916 4553 2008 4628 XVI

456 4704 550 4775 ang,
576 4682 614 4753 in
639 4706 688 4754 ar.
717 4705 792 4753 car.

456 4801 495 4868 ιλ
525 4799 582 4871 13.
610 4800 707 4870 325.
735 4796 829 4870 Bibl.
856 4796 978 4871 Fr.-G.
1008 4796 1056 4870 N.
1089 4798 1196 4870 1643.

456 4917 478 4986 4
504 4916 646 4988 Ancora
671 4915 822 5009 inversa,
849 4914 951 4987 add.
978 4913 1108 5008 squilla
1133 4914 1177 4986 ad
1204 4937 1230 4986 s.
1258 4932 1291 4986 Α.

454 5037 481 5119 l(
508 5030 592 5127 Gap.
635 5029 810 5125 Gorgonis
848 5030 918 5103 lere
957 5029 1061 5124 idem,
1101 5029 1195 5103 dent.
1237 5052 1334 5126 parv.
1374 5052 1522 5124 quoque,
1563 5027 1654 5101 ocul.
1681 5023 1885 5119 maioribus,
1911 5020 2000 5094 crin.

451 5146 655 5240 maioribus,
683 5147 779 5219 XVI
804 5171 885 5242 ang.
912 5148 949 5219 iu
977 5171 1027 5220 ar.
1054 5170 1130 5219 car.
