4808 6390
1365 769 1453 843 XX.
1553 701 1558 719 1

512 971 515 978 ’
626 970 700 1045 tle.
727 971 793 1068 Ep.
819 971 864 1042 ad
889 971 968 1043 Au.
995 971 1078 1044 117
1113 973 1133 1067 ξ
1162 974 1267 1045 3....
1302 972 1428 1046 deinde
1458 973 1531 1048 alia
1565 973 1695 1070 legatio
1729 973 1824 1046 diota
1849 982 1936 1068 erat,
1963 971 2035 1045 alia
2060 971 2143 1045 data
2166 976 2231 1047 est.

574 1088 646 1162 Illa
683 1088 800 1186 opima
837 1087 881 1161 ad
921 1088 1113 1185 exigendas
1151 1089 1319 1187 pecunias
1357 1090 1486 1187 Druso,
1526 1100 1566 1165 ut
1605 1092 1742 1190 opinor,
1783 1089 1988 1164 Pisaurensi
2015 1113 2062 1162 an
2087 1087 2231 1187 epuloni

581 1206 726 1279 Vatinio
751 1213 959 1279 reservatur.

626 1323 736 1418 Lege:
770 1322 976 1395 Vatiniana.

1349 1494 1456 1567 XXI.

619 1701 727 1773 Persa
761 1698 894 1794 Plauti,
931 1710 970 1772 ut
1005 1723 1049 1772 ex
1084 1723 1188 1773 versu
1227 1700 1298 1772 100
1324 1699 1453 1772 collato
1480 1723 1562 1770 oum
1589 1698 1693 1770 Livio
1720 1697 1758 1787 (l.
1785 1696 1998 1772 XXXVIII
2025 1723 2056 1772 o.
2083 1699 2130 1771 42
2156 1698 2223 1791 §1

574 1822 609 1887 et
636 1819 695 1906 11)
719 1823 876 1912 apparet,
903 1815 996 1888 ludis
1024 1816 1155 1913 plebeis
1181 1816 1267 1890 anni
1292 1816 1339 1889 U.
1365 1841 1395 1889 o.
1423 1815 1588 1889 DLVIII
1614 1814 1716 1888 doota
1741 1824 1804 1888 est.

1329 2019 1458 2093 XXII.

617 2217 796 2297 Immerito
824 2225 880 2295 vir
905 2224 948 2296 ol.
976 2223 1077 2316 Boot,
1104 2225 1148 2295 ad
1175 2224 1335 2298 Caesaris
1363 2222 1553 2321 epistulam
1590 2223 1678 2310 (Cio.
1706 2224 1771 2320 Ep.
1800 2223 1845 2295 ad
1870 2223 1948 2296 Att.
1976 2223 2000 2296 l.
2028 2222 2086 2296 IX
2114 2225 2159 2296 13
2185 2224 2218 2296 A

567 2340 587 2431 ξ
615 2343 650 2432 1)
676 2340 858 2413 Caesarem
884 2339 1058 2413 mendacii
1085 2341 1214 2436 arguit.

613 2456 675 2528 Bis
702 2458 793 2528 enim
822 2456 951 2530 Caesar
975 2456 1021 2528 N.
1049 2456 1207 2551 Magium
1236 2480 1315 2530 oum
1345 2456 1520 2529 mandatis
1546 2456 1589 2528 ad
1616 2453 1820 2550 Pompeium
1848 2453 1955 2526 misit.

1317 2625 1466 2699 XXIII.

613 2827 708 2920 Fooi,
736 2827 797 2922 qui
825 2827 965 2900 aouloos
993 2830 1200 2922 sagittarum
1227 2837 1262 2902 et
1285 2828 1433 2924 glandes
1460 2854 1479 2903 e
1505 2829 1620 2925 lapide
1649 2835 1742 2901 secto
1768 2825 1944 2922 celabant,
1981 2827 2087 2900 annis
2112 2824 2218 2901 huius

564 2944 672 3018 seculi
697 2941 768 3016 LII
794 2950 829 3016 et
854 2943 947 3018 LIII
972 2968 1079 3043 prope
1103 2946 1312 3019 Hilversum
1338 2947 1478 3044 reperti,
1522 2946 1746 3038 Trensootae,
1774 2944 1854 3041 pegi
1881 2944 1998 3017 seculo
2023 2943 2095 3040 XI,
2123 2942 2214 3040 XII,

564 3062 663 3136 XIII
687 3064 726 3134 in
751 3062 839 3135 uotis
866 3063 1113 3138 Ultraieotinis
1139 3065 1333 3159 memorati,
1362 3065 1512 3160 vestigia
1537 3072 1632 3138 sunt.

1317 3268 1464 3343 XXIV.

608 3471 869 3544 Rembrandtus
911 3495 990 3543 oum
1030 3473 1220 3545 Deimanni
1266 3473 1451 3546 lectionem
1491 3473 1724 3545 anatomicam
1749 3472 1917 3568 pingeret,
1953 3469 2216 3568 dispositionem

565 3586 708 3660 tabulae
740 3612 762 3660 a
795 3587 990 3682 Mantegna
1023 3589 1148 3685 piotae,
1192 3590 1230 3662 in
1265 3613 1336 3686 qua
1379 3588 1542 3663 mulieres
1581 3588 1763 3663 Christum
1797 3588 1985 3686 plangunt,
2025 3585 2216 3660 Mediolani

563 3703 779 3799 adservatae,
806 3704 982 3798 cognitam
1009 3704 1172 3779 habebat.
