4808 6390
1185 615 1234 686 54

377 730 427 790 m
529 828 686 902 habrum
727 827 816 901 illud
850 850 953 900 arcus
986 826 1135 922 figuram
1168 827 1303 902 habens
1337 828 1486 901 recurrit
1518 829 1556 900 in
1583 813 1746 902 Parianis
1772 834 1809 900 et
1832 828 1872 901 in
1896 827 2034 904 familia

481 949 524 1016 lb
549 968 595 1017 ex
620 943 768 1019 Attica?
805 949 899 1015 terra
923 942 1091 1040 oriunda;
1129 945 1267 1018 modica
1290 943 1419 1017 lacuna
1444 943 1483 1016 in
1507 944 1607 1038 genis
1633 943 1705 1017 iam
1730 957 1878 1041 apparet
1902 944 1942 1017 in
1966 943 2035 1019 Oa·

479 1061 636 1134 marinae
670 1062 704 1154 3,
730 1059 855 1132 deinde
879 1060 917 1132 in
939 1060 1073 1134 Atticis
1095 1061 1235 1135 serioris
1259 1062 1396 1135 aetatis.
1443 1060 1532 1135 Oum
1559 1067 1675 1134 autem
1700 1060 1893 1156 Tegeensia
1918 1061 2035 1159 capita

478 1177 568 1250 bena
593 1199 630 1248 se
654 1175 806 1248 invicem
831 1174 1010 1272 excipiant
1033 1183 1069 1250 et
1093 1200 1214 1250 eorum
1238 1177 1391 1276 primum
1411 1177 1585 1250 artissime
1607 1199 1687 1249 cum
1700 1175 1826 1250 Lesbio
1839 1174 2034 1275 cohaereat,

480 1291 618 1368 abhoc
645 1292 789 1365 initium
817 1291 918 1364 seriei
943 1291 1143 1366 faciendum
1168 1317 1245 1368 esse
1271 1294 1469 1368 videbatur.

529 1410 575 1484 In
599 1409 776 1507 plerisque
800 1407 991 1482 Phidiacae
1014 1410 1198 1484 Minervae
1223 1411 1485 1511 exemplaribus
1520 1417 1627 1508 caput
1652 1409 1830 1505 Gorgonis
1856 1417 2032 1506 quantum

479 1526 627 1621 cognovi
664 1523 805 1597 serioris
828 1524 955 1597 aetatis
980 1531 1091 1597 artem
1116 1526 1261 1622 redolet,
1288 1526 1328 1600 in
1354 1527 1547 1624 exemplari
1572 1533 1690 1600 autem
1716 1525 1880 1598 Parisino
1905 1526 2034 1599 sinon

478 1642 764 1740 antiquissimum
796 1648 860 1736 est,
901 1642 1104 1715 memoriam
1137 1650 1256 1718 tamen
1282 1644 1507 1741 antiquitatis
1532 1666 1690 1716 servasse
1714 1642 1853 1715 videtur
1878 1648 1913 1715 et
1936 1665 2033 1740 prae·

479 1761 597 1834 sertim
626 1758 692 1831 hoc
716 1758 869 1854 labrum,
907 1757 1000 1830 hanc
1025 1759 1202 1857 lacunam,
1228 1760 1292 1835 hos
1318 1762 1443 1851 crines,
1470 1785 1560 1857 quaa
1586 1758 1706 1832 omnia
1731 1758 1770 1831 in
1795 1764 1918 1832 nostra
1943 1759 2033 1834 serie

478 1879 666 1952 coniuncta
701 1874 902 1947 invenimus
937 1898 1021 1972 prae
1054 1899 1092 1948 se
1125 1876 1202 1972 fert,
1235 1901 1350 1974 neque
1374 1877 1501 1976 capitis
1533 1876 1648 1949 forma
1672 1875 1824 1948 multum
1848 1874 2033 1975 abhorrct3

475 1993 569 2069 oculi
593 1999 743 2086 tantum,
770 2014 842 2064 non
868 1990 953 2064 satis
978 1991 1090 2088 aperti
1116 1993 1290 2090 videntur,
1317 1995 1377 2069 sed
1402 1995 1476 2069 fieri
1504 2000 1618 2092 potest
1640 2000 1681 2067 ut
1704 1992 1743 2066 hi
1767 1993 1892 2066 intam
1903 2015 2034 2089 magno

476 2111 578 2204 signo
604 2107 716 2181 alium
740 2105 943 2203 adspectum
967 2108 1204 2204 praebuerint.

533 2224 690 2319 imagine
724 2230 803 2295 utor
835 2246 952 2318 quam,
979 2247 1085 2319 quam
1110 2227 1372 2300 accuratissima
1405 2252 1467 2324 per
1490 2227 1651 2301 tenebras
1675 2225 1791 2299 Musei
1817 2224 2032 2323 Luporensis

473 2342 549 2418 fieri
583 2341 710 2440 potuit,
744 2338 931 2436 delineari,
960 2339 1017 2412 cui
1051 2348 1170 2415 tamen
1203 2343 1242 2416 in
1278 2343 1474 2418 minoribus
1511 2344 1615 2417 rebus
1647 2365 1720 2415 non
1757 2341 1904 2414 nimiam
1929 2341 2032 2423 tidem

466 2455 666 2534 habendam
692 2480 767 2531 esse
792 2455 1009 2532 crediderim.

375 2575 421 2642 14
470 2575 556 2672 Cap.
595 2573 772 2667 Gorgonis
812 2571 899 2666 ling.
937 2596 1024 2667 exs,
1060 2572 1159 2647 labro
1193 2599 1269 2674 sup.
1304 2577 1343 2649 in
1377 2602 1447 2652 arc.
1484 2578 1553 2672 fig,
1581 2575 1671 2648 mod.
1698 2573 1828 2647 lacuna
1852 2573 1892 2645 in
1916 2576 2028 2672 genis,

474 2716 607 2789 supero.
636 2689 785 2784 contat,
814 2689 903 2762 crin.
933 2688 1111 2784 eleganter
1135 2692 1263 2789 dispos.
1287 2695 1377 2768 med.
1404 2695 1474 2768 div.

524 2808 569 2880 In
596 2814 735 2904 pectore
760 2804 953 2898 Minervae,
981 2827 1072 2901 quae
1097 2831 1119 2879 a
1144 2809 1268 2883 monili
1294 2834 1488 2906 cognomen
1514 2809 1630 2882 habet.
1652 2807 1746 2881 Mus.
1761 2807 1851 2905 Lup.
1865 2806 1929 2883 N0.
1946 2809 2030 2882 112.

473 2924 629 2997 Marmor
653 2922 809 2996 Parium.

522 3040 646 3136 Oapita
663 3038 785 3111 hactae
810 3036 959 3109 Lesbiae
983 3038 1007 3108 4
1032 3043 1150 3108 autem
1176 3037 1335 3133 proximo
1361 3035 1506 3109 Phidias
1531 3042 1614 3109 ante
1628 3061 1762 3111 annum
1777 3039 1849 3111 438
1865 3062 1949 3113 usus
1961 3046 2026 3113 est.

527 3156 586 3229 Ad
613 3155 706 3227 banc
729 3153 902 3227 familiam
927 3150 1185 3246 adsignandum
1210 3159 1263 3224 ast

380 3272 457 3344 1411Ι
483 3273 569 3370 Cap.
604 3269 780 3366 Gorgonis
815 3267 939 3343 ceteris
974 3265 1082 3343 huius
1117 3268 1272 3341 familiae
1304 3269 1447 3366 propius
1484 3268 1528 3340 ad
1556 3272 1599 3339 lb
1623 3270 1803 3367 accedens,
1828 3271 1916 3360 ling.
1942 3293 2029 3368 exa,

475 3390 566 3463 rictu
606 3388 753 3482 modico,
788 3387 890 3459 bucc.
926 3385 1052 3485 inflat,
1078 3410 1166 3482 aur,
1194 3386 1282 3459 crin.
1311 3386 1402 3461 med.
1426 3385 1541 3459 fronte
1566 3392 1688 3460 ornate
1711 3386 1853 3485 dispas,
1880 3388 1919 3460 in
1944 3394 2030 3461 tem·

474 3504 617 3602 poribus
643 3504 766 3601 passis,
793 3501 886 3574 diad.
911 3501 1029 3575 oinct..

524 3620 665 3714 Argilla
699 3626 809 3692 cocta.
836 3619 1070 3692 Acroterium.
1098 3619 1187 3715 Rep.
1214 3619 1409 3718 Olympiae.
1436 3617 1560 3691 Funde
1586 3642 1655 3691 von
1682 3617 1850 3717 Olympia
1873 3618 1929 3692 IV
1954 3620 2027 3696 tab.

478 3740 546 3835 283
572 3737 672 3809 Idem
696 3737 735 3808 in
761 3735 780 3808 Ι
805 3734 984 3808 volumine
1009 3735 1081 3808 tab.
1110 3738 1168 3810 39.

527 3852 630 3926 Adde
656 3853 761 3925 etiam
788 3875 972 3924 nummum
998 3874 1103 3947 quem
1129 3851 1259 3924 Praeso
1284 3850 1485 3946 adsignavit
1510 3849 1658 3923 Wroth:

382 3971 467 4040 14b”
480 3969 566 4068 Cap.
592 3968 768 4063 Gorgonis
794 3967 881 4063 ling.
908 3992 982 4043 exa.
1008 3993 1121 4066 paru,
1148 3969 1240 4042 rictu
1264 3969 1368 4064 mod,
1394 3969 1482 4042 crin.
1510 3969 1599 4041 med.
1625 3967 1697 4042 div.
1723 3966 1818 4041 diad.
1846 3966 1963 4062 oinct,
1989 3965 2030 4041 Π

475 4109 548 4180 ang
589 4109 707 4179 magn.
734 4084 952 4157 undantibus
978 4084 1016 4157 in
1042 4108 1178 4158 summo
1204 4083 1328 4181 capito.

475 4204 507 4299 l(
531 4202 703 4275 Hercules
735 4201 770 4275 d.
804 4200 915 4274 leonis
947 4201 1087 4276 exuviis
1120 4202 1281 4296 amictus,
1312 4225 1405 4296 genu
1439 4202 1563 4295 flexus,
1599 4223 1720 4274 arcum
1754 4200 1878 4297 tendit,
1904 4199 1943 4273 in
1968 4223 2027 4296 qu.

474 4319 544 4393 inc.
568 4317 706 4391 lineari.

479 4435 671 4525 1113119.
701 4433 810 4505 1132
834 4432 943 4506 Num.
971 4432 1102 4508 Ghron.
1132 4434 1237 4506 1884.
1264 4434 1336 4506 tab.
1363 4435 1397 4506 3.
1426 4435 1482 4506 13.

524 4548 660 4623 Deinde
693 4571 737 4623 ex
770 4556 856 4646 typo
889 4548 1004 4645 qualis
1030 4572 1062 4647 c,
1089 4555 1166 4623 orta
1188 4556 1275 4623 sunt
1300 4550 1417 4648 capita
1441 4572 1530 4645 quas
1556 4549 1646 4622 nihil
1671 4547 1825 4647 amplius
1850 4545 2026 4646 peculiare

475 4664 656 4759 exhibent,
695 4663 814 4760 qualia
852 4665 890 4737 in
916 4666 1071 4739 nummis
1097 4664 1317 4760 Salgensium
1345 4665 1577 4763 reperiuntur.
1612 4665 1775 4755 (Imhoof.
1803 4663 1973 4737 Zeitschr.
1999 4661 2025 4737 1.

472 4778 580 4855 Num.
606 4779 652 4853 V.
679 4805 735 4879 pg.
765 4782 971 4855 133-142.
998 4782 1069 4856 tab.
1096 4784 1145 4872 4).

522 4897 703 4971 Postremo
729 4920 769 4970 ex
794 4921 922 4992 magno
948 4923 1097 4973 numero
1122 4922 1241 4972 eorum
1271 4922 1361 4994 quae
1388 4921 1424 4971 se
1450 4895 1533 4970 huic
1557 4896 1712 4972 familiae
1723 4893 1876 4970 adscribi
1887 4893 2027 4993 patian-

471 5020 531 5085 tur
556 5035 629 5085 uon
655 5013 854 5086 memorabo
880 5014 949 5087 nisi
1062 5027 1064 5031 ’
