4808 6390
1089 596 1135 667 93

606 802 742 886 πέλας
766 798 981 895 δ”οἱὸολφαὶ
1006 798 1124 877 τῶνδε
1147 813 1248 896 τρεῖς
1271 803 1499 897 κατάπτεροι
1630 832 1632 836 “

607 908 940 1005 δρακοντόμαλλοι
965 914 1156 1009 Γοργόνες
1178 913 1453 1007 βροτοστυγεῖς

606 1023 655 1105 ἃς
679 1024 819 1109 θνητὸς
845 1018 973 1107 οὐδεὶς
998 1020 1156 1097 εἰσιδὼν
1179 1029 1250 1109 ἕξει
1275 1024 1409 1106 πνοάς·

278 1143 341 1210 aut
365 1136 458 1232 quod
483 1135 705 1229 recentiores,
730 1135 813 1208 iude
837 1136 884 1209 ab
909 1137 1087 1210 Herodoto
1113 1136 1179 1231 (II.
1207 1137 1268 1224 91)
1294 1159 1352 1208 aas
1379 1136 1417 1207 in
1443 1135 1560 1231 Libya
1584 1135 1840 1232 quaesiverint.

327 1251 445 1346 Gorgo
471 1252 628 1324 innotuit
653 1276 715 1348 per
739 1258 852 1325 totum
878 1251 950 1325 lere
974 1253 1093 1325 orbem
1119 1259 1292 1324 terrarum
1320 1250 1466 1325 Graecis
1492 1258 1628 1347 notum,
1647 1244 1933 1349 'ubicunqueaut

278 1367 414 1442 Graeca
452 1389 510 1439 srs
536 1373 599 1439 aut
624 1365 799 1441 Graecum
824 1367 1010 1465 imperium
1037 1368 1203 1441 barbaros
1229 1366 1380 1461 subegit,
1407 1390 1428 1439 a
1455 1365 1599 1462 Scythis
1625 1367 1786 1439 Etruscis
1816 1366 1933 1441 Gallis

278 1484 320 1556 ad
347 1483 497 1578 Poenos,
523 1484 569 1556 ab
594 1483 709 1555 Iberis
733 1483 778 1555 sd
805 1483 923 1580 Syros,
950 1484 1035 1579 quid
1061 1483 1150 1579 dico,
1176 1482 1221 1555 ad
1247 1483 1394 1555 Bactros
1421 1487 1456 1554 et
1481 1482 1590 1553 Indos
1610 1505 1732 1577 usque.

328 1599 400 1673 Cur
436 1623 595 1695 quaeque
633 1599 770 1694 civitas,
812 1623 902 1696 quae
940 1600 1006 1673 hoc
1032 1600 1134 1694 siguo
1160 1601 1198 1672 in
1224 1599 1379 1671 nummis
1404 1621 1469 1671 usa
1494 1598 1553 1693 sit,
1579 1598 1669 1671 illud
1695 1598 1929 1696 usurpaverit,

278 1715 445 1789 nimirum
470 1739 543 1789 non
569 1740 703 1812 semper
728 1723 879 1790 constat.
925 1718 1111 1790 Interdum
1134 1716 1224 1789 illud
1250 1717 1295 1789 ab
1321 1715 1402 1789 ahie
1427 1721 1637 1812 acceperuut
1663 1724 1703 1787 ut
1727 1715 1931 1811 Motyenses

277 1830 528 1928 Neapolitani?
570 1830 834 1928 Miletopolitae.
887 1831 999 1929 Saepe
1041 1831 1242 1928 symbolum
1282 1837 1337 1903 est
1374 1830 1556 1902 Minervae
1594 1837 1629 1902 et
1667 1854 1740 1903 una
1773 1854 1853 1903 cum
1890 1853 1932 1903 ea

282 1945 443 2041 occurrit,
483 1945 576 2043 apud
610 1945 793 2040 Selgeuses
817 1946 997 2019 Romanos
1022 1947 1273 2044 Syracusanos,
1299 1952 1361 2019 aut
1386 1968 1467 2018 cum
1493 1968 1535 2017 ea
1560 1946 1656 2018 vices
1683 1951 1810 2040 mutat,
1836 1945 1931 2042 apud

276 2063 513 2137 Athenienses
565 2061 799 2160 Olbiopolitas
849 2063 1124 2160 Populonienses
1177 2062 1381 2137 Corinthios
1432 2062 1681 2136 Camarinaecs
1732 2063 1930 2137 Coronaeos

276 2178 519 2254 Clazomenios
557 2178 859 2275 Miletopolitanos
899 2179 1071 2275 Salenses,
1110 2187 1173 2252 aut
1208 2179 1351 2252 aliunde
1393 2185 1533 2251 constat
1571 2202 1630 2252 eas
1668 2180 1772 2252 urbes
1797 2179 1836 2251 in
1861 2178 1954 2282 Ilii-¹

275 2318 405 2369 nervae
430 2293 541 2366 tutela
566 2293 675 2367 fuisse
700 2303 741 2367 ut
764 2295 938 2391 Athenas,
965 2304 1006 2369 ut
1029 2297 1212 2369 Himeram
1239 2295 1356 2390 (Diod.
1382 2295 1451 2369 Sic.
1479 2294 1514 2366 V
1541 2298 1575 2368 3.
1601 2296 1622 2390 5
1649 2297 1697 2390 4),
1712 2297 1927 2392 utTegeam,

276 2419 316 2483 ut
341 2410 545 2484 Coroneam.
573 2410 723 2482 Accedit
755 2413 848 2506 quod
874 2412 1045 2509 Cepheus,
1072 2413 1155 2486 Alei
1181 2413 1218 2507 l,
1245 2412 1360 2485 crines
1386 2411 1563 2506 Medusae,
1591 2418 1751 2484 eternum
1777 2435 1928 2509 propug-

275 2525 441 2599 naculum
479 2525 626 2620 Tegeae,
664 2549 754 2621 quae
791 2534 927 2624 praeter
966 2529 1163 2602 Minervam
1185 2529 1325 2623 Aleum,
1363 2527 1562 2601 Minervam
1597 2527 1752 2601 Politida
1777 2527 1924 2624 colebat,

274 2644 448 2741 accepisse
485 2642 597 2715 fertur
633 2644 755 2736 (Paos.
781 2644 889 2719 VIII.
917 2646 964 2718 47
990 2649 1010 2742 ξ
1037 2647 1074 2741 5)
1112 2652 1148 2718 et
1186 2646 1278 2741 quod
1315 2645 1493 2719 Coroneae
1517 2643 1681 2717 Minerva
1707 2644 1827 2719 Itonia
1851 2647 1928 2741 ipsa

275 2760 455 2832 Iodsmam
499 2760 724 2856 sacerdotem,
760 2760 936 2857 Gorgonis
963 2764 1077 2860 capite
1105 2761 1224 2836 oblato
1250 2763 1289 2835 in
1314 2784 1443 2835 saxum
1467 2760 1614 2834 vertisse
1639 2760 1769 2833 dicitur
1807 2761 1926 2849 (Paua.

276 2876 345 2950 IX.
375 2878 420 2947 34
448 2876 468 2969 §
494 2878 543 2966 2).

328 2991 512 3066 Interdum
550 2992 669 3065 Persei
708 2994 909 3090 symbolum
945 3000 1017 3068 est:
1063 2995 1101 3067 in
1134 2995 1261 3089 Ponto,
1288 3000 1431 3090 propter
1454 2991 1747 3088 Achaemenides,
1774 2992 1924 3090 Seriphi,

275 3111 376 3183 cuius
415 3131 531 3204 regem
570 3116 606 3181 st
631 3109 765 3183 incolas
790 3111 938 3185 Perseus
966 3112 1005 3184 in
1031 3135 1118 3185 saxa
1143 3111 1259 3207 vertit,
1286 3117 1322 3184 et
1346 3109 1472 3204 Iconii,
1498 3133 1604 3207 quam
1628 3109 1750 3183 urbem
1776 3110 1925 3184 Perseus

274 3223 469 3298 condidisse
494 3222 617 3298 fertur.

322 3340 462 3413 Mature
504 3337 578 3411 iam
621 3348 863 3438 monumenta,
888 3342 943 3414 uti
967 3341 1131 3437 vidimus,
1158 3341 1358 3436 Gorgonem
1384 3339 1564 3436 exhibent,
1593 3362 1665 3412 nou
1691 3347 1808 3412 tamen
1833 3340 1924 3413 anti·

273 3454 443 3552 quissima
477 3479 568 3551 quae
606 3457 645 3528 in
682 3455 818 3530 Graeca
856 3463 949 3531 terra
985 3459 1220 3556 reperiuntur.
1271 3457 1396 3552 Neque
1433 3455 1528 3529 enim
1553 3455 1715 3552 Mycenis
1741 3454 1923 3550 Gorgones

273 3578 430 3672 repertae
468 3578 563 3668 eunt,
598 3596 711 3668 neque
745 3597 832 3647 vasa
868 3576 1079 3670 geometrica
1104 3599 1194 3671 quae
1219 3574 1398 3670 dicuntur,
1425 3597 1539 3669 neque
1564 3597 1605 3646 ea
1630 3596 1720 3669 quae
1745 3597 1767 3646 a
1791 3571 1924 3670 Dipylo

272 3712 466 3785 cognomen
491 3696 688 3785 traxerunt,
715 3714 759 3764 ne
785 3691 1014 3766 Corinthiaca
1039 3692 1181 3789 quidem
1207 3688 1456 3785 antiquissima
1480 3690 1525 3762 iis
1550 3697 1733 3762 emantur.

320 3806 407 3881 Fuit
428 3807 540 3902 igitur
564 3831 691 3880 aevum
717 3833 779 3905 per
803 3809 896 3905 quod
923 3809 1042 3905 Gorgo
1069 3807 1215 3882 Graecis
1240 3806 1364 3901 ignota
1389 3813 1475 3878 erat.

321 4021 489 4111 Quaestio
513 4045 596 4117 ergo
623 4025 727 4097 tertia
752 4025 875 4121 oritur,
903 4026 996 4099 unde
1021 4025 1224 4120 Gorgonem
1249 4023 1377 4096 Graeci
1402 4021 1614 4120 acceperint.

320 4137 481 4211 Primum
507 4138 561 4209 uti
587 4138 751 4236 vidimus,
766 4164 824 4238 pg.
840 4143 899 4238 79,
924 4147 1137 4213 memoratur
1148 4139 1243 4237 apud
1256 4140 1451 4213 Homerum
1465 4140 1504 4211 iu
1518 4138 1630 4236 clipeo
1643 4137 1921 4232 Agamemnonis

270 4252 462 4348 etquidem
489 4277 561 4325 una
587 4278 668 4327 cum
694 4255 835 4329 thorace
860 4257 921 4353 qui
947 4256 1086 4329 disertis
1112 4255 1230 4328 verbis
1256 4254 1380 4353 Cyprii
1405 4255 1497 4349 regis
1521 4254 1653 4326 donum
1680 4276 1755 4326 esse
1780 4251 1919 4326 dicitur.

273 4371 427 4444 Materia
464 4376 582 4444 tamen
608 4371 790 4446 simillima
814 4380 878 4460 est,
904 4396 987 4445 nam
1012 4371 1051 4444 iu
1077 4378 1225 4468 utroque
1248 4366 1478 4460 κασσίτερος
1502 4369 1701 4469 (plumbum
1726 4369 1860 4456 album)
1886 4377 1922 4442 et

269 4485 415 4569 κύανος
439 4489 466 4570 1)
508 4486 648 4581 (quidni
687 4487 851 4586 Cyprius,
890 4487 971 4562 vide
1007 4486 1183 4584 Theophr.
1217 4487 1261 4561 de
1285 4486 1374 4585 Lep.
1399 4488 1420 4584 ξ
1447 4488 1509 4583 55)
1552 4484 1778 4579 (caeruleum)
1802 4483 1920 4557 locum

271 4661 329 4810 ω’)
348 4659 392 4718 De
422 4682 510 4740 arno
539 4663 603 4723 vus
635 4665 770 4744 raparum
800 4666 865 4743 (nia
894 4667 1019 4739 ustura,
1046 4667 1076 4726 n
1107 4667 1162 4726 sen
1180 4666 1302 4746 Aegypt
1320 4665 1429 4726 maur.
1448 4664 1523 4724 nsi.
1543 4664 1594 4724 ue
1612 4663 1688 4725 saa
1706 4663 1757 4722 aa
1783 4663 1852 4724 un
1874 4680 1921 4740 rs·

307 4771 388 4906 Chii
408 4757 513 4909 idalii
533 4759 629 4912 hiddila
660 4852 751 4932 clipeo
775 4852 941 4914 umbilicum
960 4874 994 4914 ex
1013 4854 1136 4932 saphiro,
1156 4873 1243 4932 cyrrm
1261 4853 1394 4930 genuino,
1411 4852 1498 4912 fuisse
1517 4851 1622 4923 eredas,
1642 4850 1747 4928 clipeus
1766 4848 1841 4908 enirn
1860 4847 1921 4927 ipsc

270 4951 297 5002 la
317 4943 349 5004 δὲ
369 4950 503 5019 μέσοισιν
523 4950 571 5016 lna
591 4953 721 5021 μέλανος
742 4956 863 5013 κοτίνοιο
884 4952 921 5026 (r.
943 4952 1003 5025 35),
1022 4948 1042 5008 i.
1063 4969 1087 5009 e.
1107 4948 1200 5027 pictus
1218 4954 1277 5007 erut
1296 4947 1432 5007 cacruleo.
1471 4945 1538 5005 Nou
1564 4945 1646 5004 aliter
1664 4945 1769 5023 clipeus
1788 4936 1920 5003 Hecuba

269 5036 405 5188 (lbolilhlit
419 5047 533 5190 aaziae
551 5038 672 5192 ftulgens,
690 5045 765 5100 creta
784 5040 847 5100 albu
866 5042 1003 5102 obductus
1022 5049 1091 5115 crat,
1110 5048 1160 5101 aut
1179 5061 1321 5102 armorum
1339 5047 1433 5120 parto·
1454 5050 1566 5112 λευκοὶ,
1585 5049 1784 5117 κασσιτέροιο,
1818 5036 1916 5097 lumbo

268 5144 286 5184 Ε
407 5148 441 5189 80
490 5150 558 5192 01¹⁰ss
572 5176 580 5192 ι
