4808 6390
1211 599 1260 671 48

502 810 552 886 AE
580 813 737 885 15-13.
765 814 849 886 382
876 811 970 884 Bibl.
998 812 1145 909 Fr.·G.;
1171 813 1277 893 8561
1303 813 1395 886 Μ116.
1425 813 1485 885 Br.
1512 812 1537 884 l.
1564 811 1662 887 111.
1691 816 1751 912 383
1778 814 2067 890 3.-ooll.1m-

500 926 587 1002 hoof
598 955 607 1025 3
634 930 719 1002 297
745 928 840 1002 Β161.
868 928 990 1003 Ila-G.
1017 929 1332 1021 (lorea-llas).

554 1045 624 1119 His
664 1044 867 1144 praemissis
905 1044 948 1118 de
986 1052 1100 1118 aetate
1141 1045 1343 1118 uidendum.
1383 1047 1492 1118 Anno
1518 1047 1590 1118 409
1616 1044 1765 1120 Himera
1789 1048 1835 1120 ab
1859 1046 2064 1121 Hannibale

500 1161 618 1235 diruta
643 1168 707 1236 est.
734 1163 844 1236 Anno
871 1162 942 1233 397
968 1160 1093 1258 Motya
1118 1185 1140 1234 a
1166 1161 1339 1259 Dionysio
1365 1168 1479 1257 capta,
1507 1161 1667 1259 proximo
1692 1184 1787 1235 anno
1800 1164 1847 1236 ab
1859 1163 2063 1237 Himilcone

501 1286 705 1377 recuperata
743 1280 788 1352 ab
824 1277 951 1352 incolis
988 1278 1049 1373 qui
1084 1278 1249 1375 Lilybaei
1276 1303 1403 1352 novam
1430 1281 1552 1352 urbem
1579 1280 1811 1354 condiderunt
1836 1283 1972 1355 deserta
1997 1289 2061 1356 est.

501 1395 592 1469 Cum
631 1403 749 1469 autem
788 1396 874 1469 satis
910 1400 1078 1492 appareat
1115 1419 1236 1468 omnes
1270 1419 1357 1491 quos
1384 1396 1566 1469 attulerim
1592 1397 1861 1471 Himeraeorum
1887 1420 2060 1493 nummos,

500 1512 626 1586 ultimo
651 1513 799 1586 fortasse
825 1513 963 1606 omisso,
989 1511 1237 1607 Motyensibus
1263 1535 1339 1586 esso
1363 1512 1591 1608 antiquiores,
1610 1512 1796 1587 1116661616
1813 1516 2060 1589 Camarinaeos

395 1718 398 1723 ¹
499 1631 571 1704 1616
596 1629 771 1726 aequales,
811 1630 977 1703 audacter
1002 1628 1038 1700 id
1063 1628 1155 1724 quod
1181 1629 1265 1701 novi
1290 1630 1329 1701 in
1354 1629 1411 1702 his
1437 1631 1621 1727 postremis
1647 1631 1748 1726 inest,
1775 1632 1900 1728 quale:
1935 1632 2061 1707 frontis

498 1749 700 1842 contractio,
727 1747 841 1820 crines
865 1746 1057 1841 horrentes,
1072 1731 1206 1842 sparsi,
1221 1746 1397 1841 anguibus
1411 1745 1555 1840 similes,
1570 1748 1740 1843 diadema,
1755 1749 1939 1846 postremis
1957 1751 2061 1823 annis

497 1864 606 1937 6661111
631 1862 667 1936 V
692 1870 728 1936 61
755 1863 931 1960 prioribus
957 1860 1014 1934 IV
1039 1861 1300 1956 adsignandum
1326 1869 1392 1936 cst.

545 1978 600 2053 Sit
638 1980 749 2075 igitur
788 1979 907 2075 Selges
944 1980 978 2075 8,
1017 1978 1079 2074 qui
1118 1978 1224 2051 etiam
1262 1979 1472 2075 quadratum
1499 1979 1607 2053 habet
1632 1980 1807 2077 incusum,
1834 1982 1941 2081 paulo
1967 1983 2059 2057 anti·

493 2096 605 2193 quior,
633 2096 731 2169 Parii
758 2096 893 2169 nummi
920 2095 1053 2193 priores
1069 2095 1141 2167 1616
1166 2094 1331 2190 aequales
1357 2102 1472 2191 erunt,
1500 2120 1564 2169 neo
1589 2096 1682 2170 inter
1707 2098 1920 2194 Apolloniae
1947 2100 1992 2172 21
2021 2108 2057 2172 61

495 2212 705 2287 0616611666
732 2215 766 2308 2,
792 2212 919 2310 Motya
945 2212 967 2284 3
994 2211 1147 2284 multum
1172 2212 1374 2285 interfuisse
1397 2219 1532 2310 potest;
1558 2212 1588 2284 si
1615 2213 1699 2310 quid
1735 2214 1851 2309 fuerit,
1878 2215 2056 2288 Asiaticos

490 2329 571 2405 illos
608 2332 725 2429 potius
763 2331 881 2403 minus
918 2329 1083 2425 antiquos
1121 2352 1195 2402 esse
1232 2328 1436 2403 crediderim
1470 2331 1637 2426 quoniam
1662 2330 1875 2428 Apolloniae
1903 2335 1960 2429 12,
1987 2332 2055 2427 8B,

490 2457 633 2547 propter
669 2450 823 2522 crinium
859 2448 1128 2545 dispositionem
1169 2446 1450 2546 comparavimus
1488 2472 1569 2520 oum
1605 2448 1775 2546 Neapolis
1802 2453 1837 2546 5,
1864 2453 1921 2546 61,
1948 2475 2055 2547 quam

490 2590 584 2640 anno
625 2568 698 2639 405
737 2574 939 2639 coniectura
962 2564 1237 2658 adsignavimus.
1290 2565 1356 2639 Sed
1384 2565 1445 2661 qui
1474 2565 1745 2638 Himeraeorum
1771 2577 1857 2640 sunt
1882 2568 2055 2665 antiquis·

491 2684 583 2779 simi,
623 2708 682 2757 eos
721 2707 794 2757 non
820 2683 1079 2780 postmodium
1107 2682 1265 2755 seculum
1288 2683 1325 2755 V
1350 2705 1470 2780 pones,
1507 2684 1537 2755 si
1573 2683 1774 2756 memineris
1808 2709 1913 2781 quam
1946 2685 2053 2782 longa

456 2855 457 2858 ,
493 2803 599 2876 series
625 2803 682 2897 sit,
710 2826 816 2899 quam
842 2802 1010 2897 antiquae
1036 2799 1109 2872 sint
1133 2799 1272 2874 litterae
1296 2807 1332 2874 et
1356 2801 1560 2897 praesertim
1578 2801 1671 2895 quod
1688 2802 1858 2897 quadrato
1875 2803 2054 2878 veltrian·

488 2918 572 3013 gulo
610 2919 725 2992 incusi
751 2919 835 2992 sint.
888 2917 1031 3012 Contra,
1071 2940 1153 2990 cum
1187 2916 1352 2990 alittera
1387 2940 1459 2989 non
1497 2916 1649 3014 amplius
1682 2918 1908 3015 ascribatur,
1947 2921 2050 2996 utin

490 3035 715 3132 didrachmis,
756 3035 822 3108 sub
858 3034 1021 3108 Therone
1059 3040 1095 3106 et
1132 3033 1370 3131 Thrasydaeo,
1407 3035 1618 3129 482-471,
1648 3036 1753 3131 cusis,
1779 3037 1843 3110 1111
1869 3043 1952 3110 6616
1977 3061 2050 3111 1616

490 3151 669 3250 publicam
695 3152 910 3248 restitutam,
935 3173 1031 3223 anno
1059 3152 1144 3245 466,
1170 3172 1249 3222 aere
1274 3150 1413 3245 signato
1440 3151 1495 3223 usi
1521 3160 1607 3222 sunt
1625 3150 1817 3225 Himeraei.

538 3268 843 3343 Camarinensium
868 3267 1016 3341 triantes
1042 3272 1115 3339 tam
1140 3264 1235 3339 16166
1261 3266 1370 3340 161666
1396 3290 1469 3339 666
1494 3290 1706 3364 magnopere
1732 3268 1942 3366 mirandum,
1970 3293 2050 3344 cum

487 3384 526 3457 hi
551 3409 591 3458 eo
616 3392 770 3482 tempore
796 3385 859 3458 vix
884 3383 1053 3458 6111111116
1079 3389 1197 3455 essent
1217 3382 1277 3456 sed
1294 3382 1647 3479 Carthaginiensibus
1662 3385 1835 3458 tributum
1849 3385 2050 3483 penderent.

539 3504 745 3600 Antequam
772 3501 921 3575 ulterius
947 3499 1131 3599 procedam
1157 3499 1251 3573 inter
1275 3498 1412 3574 Siculos
1438 3501 1703 3574 memorandum
1729 3500 1877 3575 videtur

488 3617 573 3716 Cap.
615 3618 791 3714 Gorgonis
826 3642 884 3692 ore
923 3618 1054 3712 616666,
1096 3616 1183 3689 6116.
1223 3616 1311 3689 med.
1351 3617 1435 3711 div,
1460 3623 1534 3690 tam
1559 3641 1709 3715 parvum
1734 3617 1889 3691 utillud
1915 3619 2050 3692 omisis·

488 3760 561 3810 sem
601 3738 670 3811 nisi
710 3736 856 3810 unicum
895 3760 941 3809 ex
966 3733 1033 3807 hac
1058 3733 1200 3828 regione
1225 3739 1317 3806 esset
1341 3733 1519 3828 anguibus
1544 3741 1594 3827 (et
1618 3735 1758 3830 quidem
1784 3733 1879 3808 XIV
1905 3736 1935 3809 si
1961 3737 2049 3809 bens

487 3852 602 3949 video)
628 3853 894 3926 circumdatum.
922 3849 1084 3926 Occurrit
1108 3850 1148 3923 in
1172 3873 1255 3923 area
1278 3873 1421 3923 6161666
1445 3848 1556 3948 partis
1580 3850 1756 3924 nummuli
1775 3851 1938 3947 Segestae
1959 3852 2048 3925 cusi:

486 3969 603 4067 Caput
627 3970 811 4043 adversum
837 3968 882 4042 ad
909 3968 1089 4041 sinistram
1115 3967 1215 4052 (trois
1239 3973 1378 4063 quarta)
1404 3967 1573 4041 muliebre
1589 3966 1781 4040 interduos
1795 3966 2047 4041 laureiramos.

485 4089 512 4174 1(
538 4086 716 4182 Vertagus
761 4109 789 4160 s.
829 4093 939 4182 stans,
980 4092 1064 4159 6616
1107 4109 1243 4180 murex,
1286 4110 1393 4185 supra
1434 4109 1510 4183 cap.
1554 4084 1740 4181 Gorgonis,
1787 4084 1826 4156 in
1873 4108 1925 4159 61.
1970 4108 2047 4159 sav.

487 4217 1068 4290 uo-r-s-(r)-33·l³(³).

487 4324 528 4391 a
557 4320 615 4394 11.
642 4321 727 4393 0.89
755 4320 846 4394 Coll.
874 4320 960 4418 six,
989 4323 1046 4395 12.
1073 4323 1158 4395 085
1186 4322 1275 4396 Coll.
1302 4320 1459 4418 Imhoof3
1485 4320 1718 4393 Torremuzza
1745 4319 1817 4392 tab.
1848 4322 1907 4392 63.
1937 4322 1994 4392 19.

538 4654 639 4746 Cum,
679 4653 732 4726 uti
772 4652 935 4749 vidimus,
974 4653 1091 4750 capita
1121 4662 1273 4726 ceterum
1299 4652 1457 4724 nondum
1482 4671 1623 4748 prorsus
1649 4646 1781 4720 similia
1805 4646 1899 4719 inter
1923 4669 1971 4740 se,
2004 4652 2044 4719 ut

486 4767 531 4841 ab
569 4792 641 4841 una
674 4776 774 4866 parte
810 4768 1022 4865 Apolloniae
1061 4771 1120 4866 21,
1146 4769 1192 4842 ab
1226 4765 1572 4842 alteraCamarinae
1599 4767 1632 4860 2,
1660 4763 1804 4860 Motyae
1831 4762 2040 4859 3,(1116111111

484 4885 608 4960 habitu
634 4893 708 4959 tam
732 4886 864 4960 similia
887 4887 980 4961 16616
1006 4888 1090 4985 6161,
1116 4894 1239 4960 111666
1265 4885 1461 4960 necessario
1493 4884 1606 4958 eidem
1632 4881 1779 4978 tempori
1805 4878 2043 4975 adsignaveri-

484 5028 574 5100 mus,
614 5027 763 5100 cumque
798 5027 891 5101 mox,
927 5005 993 5078 hoc
1027 4998 2043 5102 11166161611611161616,611666161166161661,661616κ

482 5143 551 5216 que
603 5121 705 5216 signu
743 5121 872 5218 quibus
912 5121 1088 5217 Gorgonis
1126 5129 1231 5219 caput
1270 5120 1518 5217 agnoverimus
1556 5138 1815 5216 supervacanea
1851 5121 1887 5186 61
1924 5113 2041 5209 turpia
