4808 6390
1195 628 1241 698 25

388 744 435 802 lli

385 847 426 912 oe
485 841 569 939 Cap.
612 842 788 937 Gorgonis
819 842 908 938 ling.
950 852 986 915 et
1026 842 1123 916 dent.
1160 841 1281 926 nullis,
1319 865 1409 937 quae
1446 851 1564 913 utrum
1590 840 1675 914 olim
1701 841 1847 914 fortasse
1873 841 2048 913 eburneae

484 959 616 1032 luerint
649 984 695 1032 an
721 983 903 1056 nunquam
930 959 1132 1032 exstiterint
1158 982 1229 1034 uon
1255 958 1367 1031 habeo
1392 958 1517 1054 dicere,
1544 983 1663 1054 magn.
1690 983 1777 1054 aur,
1804 960 1906 1053 cino,
1934 956 2045 1030 ternis

485 1077 531 1149 ab
556 1083 705 1173 utraque
730 1084 830 1175 parte
856 1077 1035 1172 gradibus.
1880 1062 1885 1072 ⁸

535 1194 610 1268 AE?
647 1196 693 1266 ln
731 1195 880 1268 manica.
921 1195 1033 1290 Antiq
1079 1195 1127 1266 du
1153 1195 1256 1292 Bosp.
1286 1194 1377 1269 Cim.
1404 1193 1476 1268 tab.
1505 1195 1564 1267 28.
1593 1193 1627 1268 7.

486 1312 689 1386 Similitudo
715 1320 769 1386 est
789 1337 869 1385 cum
896 1341 916 1391 e
943 1313 1004 1386 sed
1030 1337 1101 1385 non
1128 1319 1230 1385 tanta
1252 1320 1293 1386 ut
1318 1312 1514 1386 necessaria
1539 1312 1626 1385 haec
1651 1337 1696 1385 ex
1722 1313 1843 1386 eadem
1867 1334 2045 1386 armorum

483 1427 617 1501 fabrica
655 1453 730 1502 esse
765 1429 908 1525 dixeris,
948 1453 1027 1502 curn
1066 1435 1185 1502 tamen
1210 1428 1322 1502 multo
1347 1430 1458 1502 maior
1483 1428 1530 1502 sit
1555 1452 1661 1524 quam
1687 1428 1780 1503 inter
1805 1443 1828 1508 d
1853 1435 1888 1503 et
1913 1446 1945 1524 o,
1971 1448 2044 1500 non

483 1545 694 1618 adversabor
719 1546 907 1641 quominus
933 1547 1013 1642 quis
1038 1545 1127 1618 illud
1151 1546 1382 1620 contenderit.

533 1661 679 1734 Nummi
705 1661 830 1735 Olbiae
855 1662 1087 1759 Borysthenis
1113 1670 1322 1758 sequantur:

382 1774 428 1859 θη
486 1777 619 1874 lOap.
656 1778 833 1874 Gorgonis
867 1778 952 1873 ling.
989 1803 1075 1863 ens.¹
1112 1803 1198 1853 naso
1232 1787 1338 1875 recto,
1365 1779 1456 1852 null.
1483 1803 1572 1875 aun,
1598 1778 1757 1877 pupillis,
1783 1777 1875 1850 cino.
1903 1799 1924 1850 e
1948 1775 2044 1849 binis

482 1893 623 1967 circulis
649 1894 907 1967 constantibus.

531 2009 647 2107 Caput
684 2010 760 2106 hoc,
798 2010 883 2083 satis
908 2010 1032 2105 altum,
1059 2011 1223 2106 exiguam
1250 2011 1357 2084 habet
1383 2011 1652 2084 similitudinem
1682 2035 1764 2083 cum
1785 2007 2042 2107 Neopolitanis,

481 2126 649 2198 maiorem
675 2149 756 2199 cum
782 2125 856 2224 6η”,
882 2127 1061 2202 Coroneae
1090 2130 1123 2201 1.

479 2244 508 2338 )(
533 2243 626 2316 Rota
651 2244 707 2316 IV
733 2245 840 2318 radiis
864 2245 957 2318 inter
982 2268 1069 2340 quos
1095 2253 1261 2326 armo
1288 2245 1327 2338 1).

479 2360 526 2433 AE
552 2361 674 2433 flatum
702 2364 761 2435 40.
788 2364 912 2458 (alno
941 2362 1108 2457 Ouaroff)
1133 2361 1300 2459 Koehler,
1328 2362 1498 2435 Tarichos
1525 2365 1559 2436 9.

481 2479 502 2548 2
529 2477 615 2574 Gap.
643 2478 820 2573 Gorgonis
847 2479 918 2552 iere
944 2479 1047 2574 idem,
1074 2488 1193 2551 mento
1219 2480 1384 2552 acutiore.

477 2595 507 2687 )(
532 2595 626 2667 Rota
651 2595 706 2667 IV
731 2596 849 2691 radiis,
877 2596 995 2669 minus
1020 2597 1064 2669 ad
1091 2603 1238 2669 naturae
1263 2597 1531 2670 similitudinem
1558 2599 1660 2672 lacta.
1688 2599 1850 2667 ΑΡικοῡ.

480 2709 525 2780 AE
550 2709 585 2784 fl.
614 2715 726 2799 41s39
754 2715 864 2785 29.—
892 2712 982 2786 coll.
1009 2712 1084 2785 six.

378 2830 417 2896 oa
482 2826 615 2924 3Cap.
655 2827 831 2923 Gorgonis
869 2828 988 2924 latius,
1027 2827 1296 2902 similitudinem
1330 2853 1410 2901 cum
1445 2828 1468 2895 i'
1503 2830 1684 2925 praebens,
1710 2830 1798 2927 ling.
1823 2857 1910 2930 axe,
1937 2858 2037 2930 parv.

478 2943 585 3038 dent,
614 2951 731 3016 mento
758 2944 943 3041 paululum
969 2945 1094 3041 diviso,
1121 2945 1278 3042 pupillis,
1304 2969 1423 3040 magn.
1450 2968 1598 3041 supere,
1624 2947 1713 3020 cine.
1740 2973 1759 3020 e
1785 2948 1879 3022 binis
1905 2950 1999 3024 circ..

476 3061 505 3153 )(
530 3060 665 3155 Aquila
690 3062 867 3135 maritima
892 3063 926 3135 d.
953 3061 1087 3157 volans,
1115 3062 1294 3156 unguibus
1320 3061 1526 3157 delphinum
1552 3070 1687 3160 tenens,
1712 3065 1844 3137 circum
1871 3076 2035 3141 ΑΡικοῦ.

476 3176 524 3249 AE
549 3177 584 3250 fl.
613 3179 671 3254 67.
700 3180 835 3251 liobe
850 3182 880 3273 2)
906 3177 1136 3276 pulcerrimae
1161 3179 1371 3251 conditionis
1398 3178 1487 3252 0011.
1515 3178 1589 3273 six,
1626 3186 1731 3252 antea
1756 3205 1862 3277 penes
1888 3181 2032 3257 Lemmd

475 3294 567 3387 (cat.
582 3295 628 3367 N.
651 3297 749 3391 139l5
776 3296 906 3369 Waxal
932 3294 1077 3369 Receuil
1103 3304 1168 3368 etc.
1196 3295 1242 3368 N.
1271 3298 1338 3392 473
1363 3295 1504 3390 Sestini,
1530 3295 1622 3368 Lett.
1650 3296 1697 3370 N.
1724 3297 1760 3370 S.
1786 3297 1841 3371 IV
1859 3299 1931 3374 tab.
1949 3303 1982 3372 5.
1998 3301 2033 3374 2.

415 3576 437 3649 ¹)
456 3575 499 3632 De
530 3574 575 3632 his
601 3575 702 3634 litteris
732 3573 784 3634 viri
813 3573 894 3632 docti
920 3572 1027 3630 nullam
1055 3591 1110 3630 non
1136 3570 1197 3630 ausi
1224 3575 1289 3628 sunt
1314 3570 1503 3629 coniecturam
1529 3591 1599 3650 quns
1628 3591 1725 3631 omnes
1743 3579 1911 3651 pertractare
1928 3574 2033 3646 taedet,

374 3667 534 3745 praesertim
555 3687 628 3738 curn,
649 3688 711 3727 mea
731 3667 846 3746 quidem
866 3665 1012 3734 sententia,
1032 3664 1143 3722 unicam
1162 3683 1256 3721 veram
1275 3663 1433 3742 opinionem
1452 3664 1482 3722 in
1502 3665 1602 3724 Museo
1621 3666 1805 3744 Kotchoubey
1827 3670 1886 3746 (pg.
1910 3671 1946 3726 33
1957 3673 2031 3748 sqq.)

373 3760 430 3820 iam
459 3759 565 3839 publici
591 3761 663 3820 iuris
688 3762 784 3820 fecerit
803 3760 838 3819 de
858 3760 983 3829 Koehne,
1003 3758 1052 3837 qui
1073 3762 1158 3828 totns,
1179 3762 1211 3815 ut
1230 3757 1348 3828 videtur,
1368 3759 1470 3834 pendet
1489 3779 1506 3818 a
1525 3759 1626 3818 comite
1645 3760 1768 3831 Ouaroff,
1788 3760 1868 3820 cuius
1886 3782 1956 3840 opus
1975 3783 2032 3823 non

373 3855 442 3924 ridi,
471 3855 606 3932 cuiusque
635 3858 727 3935 operis
759 3856 885 3924 titulum,
905 3853 1066 3912 Sarmaticis
1086 3851 1187 3911 litteris
1207 3852 1350 3930 seriptum,
1372 3872 1406 3911 ne
1425 3854 1515 3930 legere
1533 3855 1648 3932 quidem
1668 3855 1757 3932 potui.
1792 3857 1877 3916 Recte
1895 3856 1941 3915 hic
1961 3857 2033 3917 vidit

371 3949 478 4008 litteras
508 3955 585 4006 ΑΡΙΧ
612 3950 653 4026 (in
679 3950 802 4027 parvulis
828 3948 969 4025 delphinis
994 3948 1087 4006 aeneis
1114 3949 1245 4024 ΑΡΙΧο);
1283 3951 1376 4004 Fati
1402 3949 1432 4006 in
1461 3947 1592 4016 nummis,
1622 3947 1698 4006 hisce
1716 3948 1912 4026 persimilibus,
1942 3951 2029 4024 paulo

372 4044 585 4123 antiquioribus,
616 4045 707 4122 capite
735 4043 846 4121 galeato
881 4042 1039 4112 Minervae;
1070 4048 1096 4101 et
1128 4049 1179 4100 ΘΥ
1207 4045 1303 4103 itidem
1332 4044 1363 4104 in
1391 4043 1539 4121 delphinis,
1565 4043 1679 4101 nomina
1708 4062 1768 4101 esse
1798 4043 2029 4119 magistratuum.

371 4139 511 4215 Equidem
537 4147 719 4218 tyrannorum
744 4137 838 4215 potius
864 4137 992 4208 dixerim,
1017 4139 1065 4196 sed
1092 4140 1126 4198 de
1153 4140 1207 4199 hac
1235 4159 1265 4198 re
1294 4139 1368 4198 nihil
1386 4144 1461 4198 certo
1479 4136 1581 4196 certius
1599 4137 1803 4195 affirmandum.
1841 4137 2027 4198 comantem

371 4232 485 4291 nomina
504 4253 575 4311 qune
592 4253 641 4310 per
663 4245 751 4295 nava
770 4237 798 4289 et
817 4245 862 4293 θυ
880 4229 1018 4307 incipiant
1037 4231 1104 4290 satia
1124 4234 1214 4292 multa
1233 4233 1298 4303 sint,
1309 4233 1357 4291 sed
1368 4231 1456 4290 lexim
1466 4237 1560 4290 nostra
1572 4231 1679 4289 nullum
1691 4250 1740 4309 per
1751 4234 1857 4308 Ἀμχο
1869 4231 2026 4302 exhibeant,

371 4325 418 4384 hic
442 4328 555 4386 sortasse
580 4347 636 4386 non
660 4326 771 4402 longius
797 4325 949 4384 averitate
972 4325 1111 4383 aberravit
1129 4328 1174 4385 rir
1192 4327 1265 4386 doct.
1285 4327 1427 4385 Froehner
1446 4325 1519 4400 (cat.
1539 4324 1654 4383 Iemmd
1674 4345 1720 4402 pg.
1741 4328 1791 4400 24)
1809 4344 1924 4383 mouens
1943 4325 2029 4384 Arri-

370 4419 486 4480 ohorum
506 4422 652 4500 populum,
673 4420 791 4479 testibus
810 4420 945 4479 Strabone
965 4422 1023 4497 (pg.
1045 4423 1114 4495 495)
1134 4428 1161 4480 et
1182 4423 1351 4491 Ptolemaeo,
1372 4440 1428 4479 non
1447 4420 1487 4478 ita
1507 4420 1589 4495 louge
1609 4420 1644 4478 ab
1662 4418 1745 4478 Olbia
1763 4418 2027 4478 afnissehubenter

370 4513 533 4573 coniecerim
544 4515 726 4573 Arrichorum
737 4513 875 4592 hospitem
884 4513 1027 4590 publicum
1040 4514 1242 4592 Olbiopolitam
1251 4535 1352 4574 nomeu
1363 4514 1513 4574 Amichum
1523 4513 1581 4572 filio
1594 4513 1702 4572 dedisse
1712 4513 1752 4571 sic
1760 4517 1792 4570 ut
1802 4513 1850 4570 alii
1859 4513 2026 4573 Thessalum

370 4609 413 4669 rel
432 4610 690 4669 Leoedaemonium.
709 4609 786 4668 Nota
805 4616 869 4666 sunt
889 4609 1024 4685 exempla.
1045 4615 1150 4670 ΑΡΙΧΟ
1170 4610 1258 4688 igitur
1275 4609 1514 4688 interpretandum
1534 4611 1684 4686 Ἀρριχοῦ.

407 4706 430 4779 ²)
449 4704 564 4762 Pondus
583 4705 684 4763 horum
704 4721 882 4761 nummorum
902 4702 943 4760 sic
962 4703 1070 4765 videtur
1090 4705 1323 4765 distribuendum.
1353 4703 1421 4762 Non
1440 4703 1495 4762 nisi
1514 4701 1678 4778 gravissima
1697 4699 1866 4776 exemplaria
1883 4720 2027 4764 enumero.

407 4799 459 4858 ΝΘ.
481 4804 498 4858 3
519 4799 591 4860 Coll.
614 4800 662 4859 sn
1161 4803 1263 4859 llaec
1284 4802 1332 4874 (sc.
1354 4800 1374 4857 l.
1395 4801 1450 4855 120
1470 4797 1550 4857 :X
1569 4802 1683 4853 stateres
1702 4793 1869 4870 Aeginetici)
1891 4799 2018 4874 ὀβολόςῗ

407 4894 499 4972 Capul
520 4915 543 4954 s.
562 4895 713 4953 Minervae.
734 4896 758 4969 )(
777 4894 850 4952 Rota
872 4899 975 4952 ΡΑΥξ.
994 4894 1154 4954 Moscoviae
1175 4897 1260 4956 3372
1281 4896 1331 4968 (sc.
1353 4892 1371 4950 l.
1413 4894 1450 4948 30
1468 4909 1503 4943 =
1521 4895 1620 4968 quarta
1639 4893 1716 4967 pars)
1737 4887 1987 4967 resumptam?

406 4988 458 5046 N⁰.
480 4992 496 5046 s
516 4989 633 5047 Ouaroff
1177 4991 1260 5046 15.Οό
1282 4989 1333 5061 (sc.
1353 4985 1373 5044 1.
1413 4988 1448 5042 15
1469 5004 1503 5037 =
1523 4991 1622 5043 octava
1639 4986 1716 5061 pars)
1739 4985 1880 5061 χαλκέςΡ

407 5084 487 5160 Quae
511 5085 624 5143 nomina
654 5083 677 5141 si
710 5091 782 5142 recte
811 5084 913 5142 dedero
943 5085 1102 5143 coniectura
1131 5085 1246 5142 sortasse
1275 5079 1391 5158 adsequi
1424 5078 1578 5156 poterimus
1608 5079 1676 5156 quid
1694 5079 1780 5137 latest
1797 5078 1827 5136 in
1846 5078 1915 5138 locis
1935 5081 2026 5142 adhuc

370 5177 496 5237 obscuris
524 5177 627 5237 decreti
662 5178 691 5236 in
721 5177 856 5236 honorem
887 5178 1037 5254 Protogeni
1065 5177 1254 5256 Olbiopolitae
1283 5175 1315 5235 Ο.
1348 5175 1372 5232 Ι.
1402 5173 1438 5233 G.
1468 5177 1543 5234 2058
1577 5187 1649 5236 Av.
1671 5175 1707 5236 70
1739 5178 1767 5231 et
1788 5185 1807 5234 Β
1829 5191 1854 5230 r.
1875 5176 1928 5232 43:
1938 5216 2030 5236 .....

1807 5272 1829 5341 4
