4808 6390
1094 606 1163 680 ros
1191 716 1194 721 Ι

1072 821 1180 896 xm.
1199 754 1241 853 ⁶³⁴⁴

347 1025 483 1099 Auctor
519 1022 601 1116 περὶ
636 1022 760 1113 ὕψους
792 1027 836 1124 (c.
866 1025 938 1124 10),
964 1026 1177 1101 Plutarchus
1202 1028 1259 1123 (de
1286 1027 1379 1102 Prot.
1405 1028 1445 1101 in
1469 1026 1563 1102 Virt.
1590 1052 1620 1102 o.
1649 1032 1721 1126 10),
1748 1031 1935 1106 Lucretius

300 1139 339 1236 (l.
366 1140 427 1214 III
454 1166 486 1215 v.
516 1143 587 1216 153
613 1144 717 1240 sqq.),
742 1142 955 1241 Apollonius
981 1143 1037 1235 (de
1062 1143 1275 1218 Pronomine
1300 1167 1357 1242 pg.
1385 1146 1456 1217 366
1482 1145 1533 1235 A)
1566 1151 1601 1219 et
1625 1147 1875 1240 grammaticus
1900 1148 1940 1220 iu

297 1257 490 1332 Aneodotis
516 1258 672 1333 Orameri
698 1265 769 1357 (pg.
796 1260 880 1333 208.
909 1263 969 1347 15)
1008 1259 1171 1359 Sapphus
1194 1260 1433 1356 fragmentum
1459 1261 1493 1332 II
1518 1259 1638 1335 littera
1652 1263 1798 1336 Aeolica
1812 1288 1935 1337 exare-

299 1382 376 1449 tum
401 1375 575 1472 legarunt.

347 1489 510 1567 Catullus
535 1497 580 1583 (c.
606 1496 670 1587 51)
694 1494 847 1569 editione
871 1501 934 1568 eut
957 1494 1172 1591 anthologia,
1200 1518 1289 1591 quae
1314 1495 1378 1569 illa
1393 1495 1512 1570 littora
1525 1496 1676 1591 carebat,
1703 1521 1787 1570 usus
1813 1505 1879 1572 cst.

1078 1684 1184 1759 XIV.

345 1850 492 1940 Ἥμισυ
517 1853 651 1948 origine
677 1855 849 1929 locativns
879 1855 957 1929 fuit.

1084 2045 1168 2118 XV.

348 2248 462 2343 Plato,
489 2250 528 2322 in
553 2249 675 2323 fabula
701 2250 765 2339 illa
789 2250 831 2323 de
855 2250 1041 2324 Atlantide
1066 2250 1185 2323 insula
1209 2250 1315 2343 (Tim.
1342 2276 1400 2349 pg.
1427 2252 1486 2347 24,
1513 2255 1585 2348 25),
1606 2253 1751 2326 mutatis
1769 2252 1947 2327 mutandis

298 2364 454 2460 loquitur
477 2365 521 2439 de
544 2365 731 2439 Persarum
755 2366 864 2463 clade,
890 2392 1003 2463 neque
1029 2368 1067 2440 in
1093 2367 1205 2442 Oritia
1229 2367 1395 2442 deficiunt
1419 2368 1487 2441 loci
1518 2369 1580 2464 qui
1602 2369 1771 2442 orientem
1796 2369 1950 2466 sapiunt.

1069 2538 1176 2612 XVI.

349 2742 442 2815 Plat.
480 2741 591 2837 Hipp.
634 2740 718 2815 Mai.
753 2766 811 2840 pg.
838 2723 911 2814 290
936 2741 983 2816 O:
1023 2741 1076 2815 De
1100 2742 1229 2815 Phidia
1254 2751 1354 2838 rogat
1379 2744 1557 2817 Socrates:
1603 2743 1681 2812 Τοῦ
1719 2729 1789 2813 οὖν
1821 2744 1941 2824 ἕνεκα,

301 2880 424 2946 φησει,
460 2853 506 2926 ου’
536 2855 606 2925 καὶ
643 2853 691 2924 τοὶ
720 2857 823 2946 μέσα
847 2860 926 2928 τῶν
949 2853 1166 2945 ὀφθαλμῶν
1189 2855 1420 2947 ἐλεφάντινα
1444 2857 1663 2952 εἰργάσατο,
1687 2856 1786 2927 ἄλλα
1809 2857 1946 2930 λίθινα

300 2965 353 3050 ὡς
378 2960 462 3038 οἶόν
488 2966 522 3035 τ’
535 2956 583 3052 ἦν
607 2962 819 3054 ὁμοιότητα
845 2973 930 3056 [τοῦ
954 2965 1066 3038 λίθου
1091 2973 1144 3060 τῷ
1166 2967 1359 3057 ἐλέφαντι]
1385 2965 1558 3061 ἑξευρώνς

348 3077 407 3150 Ex
444 3083 518 3151 toto
557 3085 727 3151 contextu
764 3103 835 3151 non
874 3080 992 3153 minus
1035 3103 1141 3176 quam
1179 3104 1198 3152 e
1230 3103 1267 3153 re
1293 3079 1369 3178 ipsa
1393 3086 1538 3178 apparet
1563 3104 1653 3176 quae
1679 3082 1779 3153 uncis
1805 3080 1943 3154 inclusa

299 3193 373 3266 sint
395 3193 543 3267 delenda
577 3216 664 3267 esse.

1059 3385 1185 3458 XVII.

348 3592 433 3666 Tac.
467 3593 589 3687 Agric.
623 3615 653 3665 o.
682 3593 726 3664 15
760 3591 919 3665 Alterius
953 3591 1043 3687 (scil.
1069 3591 1191 3686 legati)
1217 3614 1360 3664 manum
1388 3591 1649 3687 [centuriones],
1676 3590 1821 3664 alterius
1847 3589 1939 3686 (scil.

299 3709 547 3808 procuratoris)
574 3732 691 3782 servos
717 3709 790 3781 vim
814 3716 848 3782 ct
874 3707 1104 3781 contumelias
1139 3707 1294 3780 miscere.

349 3826 547 3901 Lenissima
571 3826 745 3898 medicina
770 3831 823 3899 est
846 3826 1060 3898 centuriones
1090 3824 1226 3898 eiicere.

1058 4027 1204 4102 XVIII.

351 4240 497 4314 Arrium
522 4237 583 4332 qui
607 4259 628 4309 a
654 4234 795 4309 Catullo
821 4237 864 4327 (c.
893 4237 954 4328 84)
981 4234 1146 4328 rideatur,
1173 4232 1345 4323 Quintum
1370 4255 1445 4305 esse
1470 4230 1616 4304 Arrium
1641 4230 1871 4306 demonstrari
1886 4253 1948 4327 po·

302 4364 371 4434 test
394 4381 440 4430 ex
465 4354 633 4429 Cicerone
657 4352 738 4450 (Ep.
764 4352 820 4426 ad.
847 4354 925 4426 Att.
953 4352 981 4424 I.
1013 4354 1056 4424 17
1083 4352 1103 4445 ξ
1131 4352 1173 4423 11
1202 4357 1237 4424 et
1262 4350 1297 4421 II
1324 4353 1345 4421 5
1370 4350 1391 4445 ξ
1417 4351 1438 4422 2
1465 4355 1500 4421 et
1527 4351 1548 4421 Ἰ
1575 4349 1596 4443 5
1622 4351 1670 4435 3).

1080 4557 1185 4631 XIX.

354 4766 429 4841 Oio.
463 4767 529 4864 lap.
566 4766 610 4839 cd
644 4765 876 4861 An.114§
903 4766 946 4838 2:
973 4762 1092 4838 Codex
1117 4763 1296 4837 Mediceus
1321 4762 1444 4836 habet:
1472 4759 1617 4835 Clodius
1643 4782 1725 4854 ergo
1751 4764 1791 4830 ut
1815 4758 1868 4831 eis
1893 4758 1937 4830 ad

304 4886 494 4983 Tigranem
519 4884 622 4957 velim
648 4883 802 4982 Syrpiee
826 4881 1043 4958 conditiones
1068 4883 1127 4957 sed
1155 4880 1259 4955 facile
1284 4881 1409 4979 patior.

351 5002 489 5077 Partim
513 5000 737 5097 Lambinum,
764 5000 892 5098 partim
919 5000 1034 5072 virum
1059 4999 1104 5075 ol.
1129 4999 1220 5072 Boot
1243 5003 1383 5072 secutus
1395 4997 1491 5092 lego:
1522 4995 1621 5068 celin
1637 4994 1810 5092 Syr(iem,·
1826 4991 1944 5095 o)piae

302 5117 531 5195 conditiones.
