4898 6420
1190 579 1235 651 18

487 815 614 887 genem
653 791 748 887 volo)
787 793 900 887 magis
938 792 1096 866 Palladis
1134 793 1225 886 urbi,
1265 797 1406 889 propter
1439 790 1672 886 frequentiam
1705 797 1741 862 et
1766 791 2047 886 magnitudinem

494 909 610 1004 magis
635 910 891 1006 potentissimis
917 911 1081 1008 tyrannis
1107 916 1191 1007 apta
1215 908 1408 1005 invenitur,
1434 907 1587 981 libenter
1609 931 1668 982 eos
1694 907 1883 982 Pisistrato
1908 908 2019 982 dares.

493 1026 573 1116 Qua
613 1028 827 1125 coniectura,
866 1026 1037 1101 adhibitis
1064 1027 1235 1101 Herodoti
1261 1027 1377 1100 verbis
1402 1023 1448 1123 (Ι.
1478 1028 1541 1119 64)
1569 1021 1680 1096 Ocra
1700 1017 1745 1109 δὴ
1758 1023 2047 1112 Πεισίστρατος

490 1145 533 1210 τὸ
558 1145 692 1231 τρίτον
716 1165 829 1233 σχων
855 1139 1031 1228 Ἀθήνας
1054 1141 1228 1236 ἐρρίζωσε
1251 1143 1320 1228 τὴν
1333 1134 1549 1234 τυραννίδα
1565 1140 1854 1231 ἐπικούροισίτε
1865 1140 2045 1213 πολλοῖσι

488 1259 554 1330 καὶ
578 1260 791 1352 χρημάτων
816 1254 1033 1342 συνόδοισι,
1058 1263 1137 1330 τῶν
1160 1262 1232 1349 μὲν
1257 1257 1427 1331 αὐτόθεν
1452 1267 1531 1332 τῶν
1554 1252 1595 1329 δὲ
1618 1257 1694 1330 ἀπὸ
1722 1261 1957 1350 Στρυμόνος
1980 1286 2047 1332 πο-

487 1383 615 1467 ταμοῦ
653 1377 881 1459 συνιόντων,
919 1379 1027 1452 simul
1069 1379 1242 1453 indicares
1280 1378 1452 1474 quomodo
1491 1378 1565 1451 fieri
1605 1382 1760 1475 potuerit
1798 1388 1838 1453 ut
1874 1381 2046 1479 Neapolis

488 1496 577 1589 παρ’
591 1495 829 1585 Ἀντίσαροιν
860 1505 981 1595 postea
1006 1499 1125 1571 eodem
1151 1504 1236 1596 typo
1262 1521 1425 1570 nummos
1450 1496 1596 1570 cuderit.
1649 1498 1716 1572 Sed
1756 1498 1936 1572 videamus
1961 1502 2046 1595 quid

487 1620 610 1684 notum
655 1612 703 1685 sit
733 1612 776 1684 de
810 1612 964 1687 metallis
997 1613 1090 1711 apud
1117 1614 1341 1711 Strymonem
1368 1620 1410 1687 ut
1436 1612 1675 1686 coniecturam
1707 1614 1881 1688 faciamus
1906 1616 1948 1690 de
1972 1608 2046 1690 illis

488 1754 578 1826 quae
603 1731 816 1804 Pisistratus
842 1733 1078 1831 occupaverit,
1105 1757 1190 1805 nam
1215 1731 1276 1806 hic
1301 1733 1343 1805 de
1368 1731 1522 1805 metallis
1546 1733 1604 1827 agi
1631 1757 1733 1806 nemo
1761 1735 1919 1829 negabit.

536 1851 657 1922 Aurea
697 1849 840 1923 metalla
878 1851 973 1947 Dati,
1014 1876 1103 1946 quac
1129 1851 1224 1946 regio
1250 1851 1358 1948 pediti
1386 1874 1458 1923 non
1484 1850 1597 1922 multo
1623 1850 1703 1948 plus
1729 1876 1835 1948 quam
1861 1853 1940 1948 diei,
1962 1854 2046 1926 navi

492 1966 629 2039 dimidii
668 1974 808 2039 tantum
847 1967 916 2040 diei
954 1970 1108 2066 spatium
1145 1993 1167 2042 a
1205 1968 1391 2063 Strymone
1428 1969 1561 2063 aberat,
1601 1992 1711 2064 aeque
1736 1970 1824 2042 bene
1848 1969 1905 2042 his
1933 1969 2046 2042 verbis

487 2082 948 2178 designanturacargentea
973 2084 1139 2182 Myrcini,
1164 2086 1360 2182 dequibus
1385 2085 1567 2181 hucusque
1592 2087 1660 2159 viri
1686 2086 1778 2160 docti
1793 2086 2044 2182 cogitaverant.

487 2198 545 2272 Sic
570 2199 696 2273 Strabo
721 2199 803 2294 (srg.
832 2202 893 2288 36)
920 2198 1108 2297 Neapolim
1133 2207 1169 2273 et
1194 2201 1315 2273 Daton
1341 2199 1445 2290 capri
1470 2194 1510 2270 δὲ
1538 2201 1606 2286 τὴν
1619 2200 1816 2288 παραλίαν
1840 2208 1908 2271 τοῦ
1919 2204 2045 2294 Στρο-

486 2319 612 2406 μόνος
636 2314 731 2387 dicit.
785 2315 878 2389 Vide
903 2316 1011 2388 etiam
1037 2317 1258 2390 recentiores.
1309 2318 1409 2391 Haec
1433 2325 1552 2392 autem
1578 2319 1784 2393 traduntur:

485 2429 674 2503 Thraciam
699 2455 793 2504 anno
819 2432 958 2505 circiter

388 2550 461 2622 513
487 2572 519 2622 a.
546 2547 611 2622 Oh.
639 2574 674 2622 u.
701 2551 863 2647 occupari
888 2574 911 2623 a
935 2551 1127 2645 Megabazo
1153 2549 1299 2645 (Herod.
1326 2550 1362 2621 V
1389 2553 1451 2646 2),

403 2717 405 2720 ψ
485 2689 568 2738 mox
593 2666 794 2739 Histiaeum
821 2668 1026 2764 Myrcinum
1051 2668 1198 2741 condere
1223 2666 1324 2761 (Her.
1352 2667 1386 2739 V
1414 2670 1487 2764 11);
1513 2675 1548 2740 et
1572 2667 1655 2740 inde
1680 2667 1751 2739 fere
1773 2667 1892 2739 statim
1907 2667 2044 2740 evocari

487 2781 588 2876 (Her.
614 2782 650 2854 V
676 2782 735 2877 23,
763 2785 850 2879 24);
877 2783 1003 2855 deinde
1027 2807 1121 2856 anno

389 2896 462 2969 497
489 2896 560 2984 (vel
587 2899 649 2992 99)
687 2899 933 2994 Aristagoram
958 2898 1010 2971 ibi
1035 2898 1167 2972 frustra
1192 2900 1370 2972 fortunam
1396 2905 1571 2973 tentatum
1596 2921 1671 2971 esse
1696 2897 1796 2988 (Her.
1825 2896 1859 2968 V
1887 2900 2043 2990 124-6,

487 3013 600 3087 Thuc.
628 3014 683 3087 IV
712 3017 823 3113 102);
850 3016 943 3088 circa
968 3021 1087 3088 autem
1112 3039 1247 3088 annum

392 3130 461 3204 491
491 3129 640 3202 Thasios
666 3155 712 3204 ex
736 3131 890 3203 metallis
916 3130 1032 3203 aureis
1059 3129 1310 3228 Scaptensulae
1323 3129 1474 3203 reditum
1491 3154 1650 3203 annuum
1667 3128 1814 3203 LXXX
1831 3127 2044 3202 talentorum

489 3248 615 3322 ducere
641 3249 743 3340 (Her.
769 3249 825 3322 VI
852 3251 938 3346 46);

487 3365 737 3461 Athenienses,
777 3366 931 3462 primum
969 3365 1176 3461 hegemonia
1208 3371 1388 3462 occupata,
1414 3364 1574 3460 Eionem,
1600 3362 1738 3436 fortiter
1761 3387 1783 3436 a
1808 3364 1906 3459 Bega
1930 3363 2048 3437 defen-

489 3507 576 3580 sam,
603 3483 749 3556 Cimone
775 3483 873 3578 duce,
900 3506 1103 3580 expugnare
1128 3481 1253 3567 (Thuc.
1281 3483 1300 3556 Ι
1327 3484 1387 3578 98,
1413 3483 1489 3556 Her
1514 3482 1590 3555 VII
1619 3484 1732 3577 1003
1758 3483 1818 3556 sed
1844 3505 1938 3555 anno

389 3602 466 3674 476
492 3599 680 3673 Phaedone
718 3599 897 3696 archonte,
937 3598 1147 3696 Lysistrat0,
1174 3599 1349 3696 Lycurgo,
1376 3598 1521 3672 Cratino
1546 3598 1705 3693 ducibus,
1731 3597 1865 3671 cladem
1891 3600 2047 3696 accipere

490 3740 512 3789 a
536 3714 732 3788 Thracibus
759 3715 877 3805 (Schol
904 3715 949 3788 ad
975 3714 1104 3788 Aesch.
1131 3714 1173 3788 de
1198 3714 1276 3788 fals.
1304 3714 1371 3810 leg.
1400 3717 1482 3811 31);

488 3831 613 3906 deinde
651 3839 730 3928 post
767 3832 951 3904 victoriam
985 3831 1030 3905 ad
1068 3831 1367 3928 Eurymedontem
1407 3830 1539 3904 bellum
1578 3829 1661 3902 oriri
1700 3829 1792 3901 inter
1825 3828 1974 3901 Thasios
2012 3837 2047 3901 ct

488 3947 725 4021 Athenienses
750 3947 792 4020 de
819 3948 966 4021 urbibus
992 3956 1027 4021 et
1052 3947 1206 4020 metallis
1231 3946 1442 4020 Thasiorum
1467 3947 1506 4020 in
1530 3946 1683 4020 Thracia
1706 3945 1810 4041 sitis,
1837 3968 1931 4018 anno

390 4066 518 4157 465(6)
557 4064 805 4158 Athenienses,
844 4061 983 4137 colonia
1008 4063 1053 4136 ad
1079 4063 1302 4161 Strymonem
1330 4064 1448 4160 missa,
1475 4064 1612 4159 Leagro
1637 4068 1672 4136 et
1696 4061 1857 4158 Sophane
1881 4059 2042 4154 ducibus,

491 4203 513 4252 a
537 4179 732 4253 Thracibus
757 4179 925 4253 Drabesci
950 4179 1153 4253 Edonorum
1179 4180 1293 4266 (Thuc
1318 4178 1336 4250 I
1363 4182 1461 4276 100),
1486 4180 1525 4252 in
1551 4180 1692 4274 regione
1718 4176 1810 4249 Dato
1826 4178 1852 4271 ¹)
1872 4176 1973 4270 (Her.
1989 4175 2046 4248 IX

493 4297 552 4391 75,
578 4295 686 4369 Isocr.
713 4296 756 4368 de
782 4296 874 4369 Pace
900 4296 974 4390 86),
1002 4295 1137 4368 cladem
1163 4295 1320 4393 accipere
1345 4293 1462 4390 (Thur
1488 4296 1543 4369 IV
1572 4295 1681 4388 102);

492 4413 665 4509 tertioque
710 4413 795 4485 belli
830 4436 924 4485 anno
963 4412 1112 4485 Thasios
1149 4413 1304 4487 devictos
1342 4436 1364 4485 a
1400 4414 1554 4487 metallis
1594 4420 1629 4486 et
1675 4411 1838 4508 emporiis
1881 4410 2047 4484 desistere

491 4529 608 4624 (Thuc
634 4529 653 4602 Ι
682 4532 790 4626 101),
819 4553 913 4603 anno
940 4530 1011 4602 iam

394 4646 468 4719 454
493 4646 667 4741 annisque
692 4647 920 4742 sequentibus
945 4644 1133 4741 Neapolim
1157 4643 1199 4715 ἐν
1227 4644 1352 4737 θρόκῃ
1379 4645 1434 4720 rol
1454 4641 1541 4735 παρ’
1560 4642 1798 4734 Ἀντίσαροιν
1811 4645 1908 4718 mille
1925 4643 2048 4716 drach·

494 4785 591 4833 mum
617 4763 788 4836 tributum
813 4762 976 4836 Athenas
1001 4761 1140 4837 mittere
1164 4761 1220 4857 (Ο.
1246 4762 1275 4837 l.
1302 4763 1349 4836 A.
1376 4764 1449 4836 226
1476 4762 1591 4857 sqq.);
1618 4785 1713 4835 anno
1738 4761 1878 4834 demum

434 5088 455 5159 ¹)
473 5061 562 5162 Regio
582 5092 597 5158 ἦ
620 5097 720 5163 Δάνος
739 5088 849 5167 (κόρα)
870 5089 899 5144 el
917 5084 984 5144 urbs
1005 5093 1038 5149 'rb
1058 5093 1163 5154 Δάνον
1181 5087 1319 5164 (τεῖχος)
1338 5084 1414 5144 dota
1433 5084 1516 5145 fuisso
1536 5083 1652 5143 videtur.
