<?xml version="1.0" encoding="UTF-8"?>
<!DOCTYPE html PUBLIC "-//W3C//DTD XHTML 1.0 Transitional//EN"
    "http://www.w3.org/TR/xhtml1/DTD/xhtml1-transitional.dtd">
<html xmlns="http://www.w3.org/1999/xhtml" xml:lang="en" lang="en">
 <head>
  <title>
</title>
<meta http-equiv="Content-Type" content="text/html;charset=utf-8" />
  <meta name='ocr-system' content='tesseract 3.04.00' />
  <meta name='ocr-capabilities' content='ocr_page ocr_carea ocr_par ocr_line ocrx_word'/>
</head>
<body>
  <div class='ocr_page' id='page_1' title='image "./degorgone00sixgoog_0025.png"; bbox 0 0 4808 6390; ppageno 0'>
   <div class='ocr_carea' id='block_1_1' title="bbox 367 667 415 724">
    <p class='ocr_par' dir='ltr' id='par_1_1' title="bbox 367 667 415 724">
     <span class='ocr_line' id='line_1_1' title="bbox 367 667 415 724; baseline -0.021 0"><span class='ocrx_word' id='word_1_1' title='bbox 367 667 415 724; x_wconf 92' lang='lat' dir='ltr'><strong>Ill</strong></span> 
     </span>
    </p>
   </div>
   <div class='ocr_carea' id='block_1_2' title="bbox 1171 553 1216 623">
    <p class='ocr_par' dir='ltr' id='par_1_2' title="bbox 1171 553 1216 623">
     <span class='ocr_line' id='line_1_2' title="bbox 1171 553 1216 623; baseline 0.022 -1"><span class='ocrx_word' id='word_1_2' title='bbox 1171 553 1216 623; x_wconf 87' lang='lat'><strong>14</strong></span> 
     </span>
    </p>
   </div>
   <div class='ocr_carea' id='block_1_3' title="bbox 471 761 2026 1447">
    <p class='ocr_par' dir='ltr' id='par_1_3' title="bbox 476 761 2020 979">
     <span class='ocr_line' id='line_1_3' title="bbox 520 761 2020 861; baseline 0 -26"><span class='ocrx_word' id='word_1_3' title='bbox 520 763 600 835; x_wconf 89' lang='lat' dir='ltr'><strong>Lin.</strong></span> <span class='ocrx_word' id='word_1_4' title='bbox 641 764 761 861; x_wconf 79' lang='lat' dir='ltr'><strong>script.</strong></span> <span class='ocrx_word' id='word_1_5' title='bbox 789 763 828 835; x_wconf 91' lang='lat' dir='ltr'><strong>in</strong></span> <span class='ocrx_word' id='word_1_6' title='bbox 855 764 995 861; x_wconf 88' lang='lat' dir='ltr'><strong>speculo</strong></span> <span class='ocrx_word' id='word_1_7' title='bbox 1022 787 1129 837; x_wconf 90' lang='lat' dir='ltr'><strong>aeneo</strong></span> <span class='ocrx_word' id='word_1_8' title='bbox 1155 762 1316 836; x_wconf 90' lang='lat' dir='ltr'><strong>Gerhard</strong></span> <span class='ocrx_word' id='word_1_9' title='bbox 1342 762 1418 834; x_wconf 84' lang='lat' dir='ltr'><strong>Etr.</strong></span> <span class='ocrx_word' id='word_1_10' title='bbox 1446 761 1587 858; x_wconf 86' lang='lat' dir='ltr'><strong>Spiegel</strong></span> <span class='ocrx_word' id='word_1_11' title='bbox 1612 761 1651 834; x_wconf 93' lang='lat' dir='ltr'><strong>II</strong></span> <span class='ocrx_word' id='word_1_12' title='bbox 1678 763 1749 832; x_wconf 73' lang='lat'><strong>243</strong></span> <span class='ocrx_word' id='word_1_13' title='bbox 1776 762 1848 834; x_wconf 88' lang='lat' dir='ltr'><strong>Al.</strong></span> <span class='ocrx_word' id='word_1_14' title='bbox 1890 761 2020 836; x_wconf 89' lang='lat' dir='ltr'><strong>Bullet.</strong></span> 
     </span>
     <span class='ocr_line' id='line_1_4' title="bbox 476 878 1998 979; baseline 0.001 -28"><span class='ocrx_word' id='word_1_15' title='bbox 476 878 586 951; x_wconf 90' lang='lat' dir='ltr'><strong>Arch.</strong></span> <span class='ocrx_word' id='word_1_16' title='bbox 614 880 742 978; x_wconf 86' lang='lat' dir='ltr'><strong>Napol.</strong></span> <span class='ocrx_word' id='word_1_17' title='bbox 767 882 814 954; x_wconf 90' lang='lat' dir='ltr'><strong>N.</strong></span> <span class='ocrx_word' id='word_1_18' title='bbox 843 882 878 956; x_wconf 88' lang='lat' dir='ltr'><strong>S.</strong></span> <span class='ocrx_word' id='word_1_19' title='bbox 906 883 947 955; x_wconf 93' lang='lat' dir='ltr'><strong>II</strong></span> <span class='ocrx_word' id='word_1_20' title='bbox 973 883 1044 956; x_wconf 92' lang='lat' dir='ltr'><strong>tab.</strong></span> <span class='ocrx_word' id='word_1_21' title='bbox 1076 885 1109 956; x_wconf 85' lang='lat'><strong>3.</strong></span> <span class='ocrx_word' id='word_1_22' title='bbox 1136 883 1226 979; x_wconf 88' lang='lat' dir='ltr'><strong>Rep.</strong></span> <span class='ocrx_word' id='word_1_23' title='bbox 1252 880 1415 974; x_wconf 80' lang='lat' dir='ltr'>Crotone,</span> <span class='ocrx_word' id='word_1_24' title='bbox 1442 903 1538 952; x_wconf 91' lang='lat' dir='ltr'><strong>nunc</strong></span> <span class='ocrx_word' id='word_1_25' title='bbox 1564 879 1602 951; x_wconf 92' lang='lat' dir='ltr'><strong>in</strong></span> <span class='ocrx_word' id='word_1_26' title='bbox 1628 879 1721 952; x_wconf 87' lang='lat' dir='ltr'><strong>Mus.</strong></span> <span class='ocrx_word' id='word_1_27' title='bbox 1749 880 1998 977; x_wconf 81' lang='lat' dir='ltr'><strong>Neapolitana.</strong></span> 
     </span>
    </p>

    <p class='ocr_par' dir='ltr' id='par_1_4' title="bbox 522 997 1534 1097">
     <span class='ocr_line' id='line_1_5' title="bbox 522 997 1534 1097; baseline 0.007 -29"><span class='ocrx_word' id='word_1_28' title='bbox 522 997 658 1097; x_wconf 81' lang='lat' dir='ltr'>Deinde</span> <span class='ocrx_word' id='word_1_29' title='bbox 683 1005 856 1096; x_wconf 90' lang='lat' dir='ltr'><strong>postremo</strong></span> <span class='ocrx_word' id='word_1_30' title='bbox 881 1000 1105 1074; x_wconf 89' lang='lat' dir='ltr'><strong>memoranda</strong></span> <span class='ocrx_word' id='word_1_31' title='bbox 1130 1008 1206 1074; x_wconf 89' lang='lat' dir='ltr'><strong>est:</strong></span> <span class='ocrx_word' id='word_1_32' title='bbox 1529 999 1534 1009; x_wconf 83' lang='lat'>&#39;</span> 
     </span>
    </p>

    <p class='ocr_par' dir='ltr' id='par_1_5' title="bbox 471 1112 2026 1447">
     <span class='ocr_line' id='line_1_6' title="bbox 525 1112 2025 1212; baseline 0.001 -26"><span class='ocrx_word' id='word_1_33' title='bbox 525 1113 643 1209; x_wconf 89' lang='lat' dir='ltr'><strong>Gorgo</strong></span> <span class='ocrx_word' id='word_1_34' title='bbox 669 1139 697 1189; x_wconf 89' lang='lat' dir='ltr'><strong>s.</strong></span> <span class='ocrx_word' id='word_1_35' title='bbox 726 1115 753 1208; x_wconf 94' lang='lat' dir='ltr'><strong>l)</strong></span> <span class='ocrx_word' id='word_1_36' title='bbox 778 1141 921 1189; x_wconf 86' lang='lat' dir='ltr'><strong>currens</strong></span> <span class='ocrx_word' id='word_1_37' title='bbox 944 1118 1012 1191; x_wconf 91' lang='lat' dir='ltr'><strong>alis</strong></span> <span class='ocrx_word' id='word_1_38' title='bbox 1037 1120 1203 1212; x_wconf 82' lang='lat' dir='ltr'><strong>recurvis,</strong></span> <span class='ocrx_word' id='word_1_39' title='bbox 1231 1124 1326 1190; x_wconf 88' lang='lat' dir='ltr'><strong>veste</strong></span> <span class='ocrx_word' id='word_1_40' title='bbox 1352 1115 1450 1188; x_wconf 90' lang='lat' dir='ltr'><strong>brevi</strong></span> <span class='ocrx_word' id='word_1_41' title='bbox 1475 1122 1510 1187; x_wconf 89' lang='lat' dir='ltr'><strong>et</strong></span> <span class='ocrx_word' id='word_1_42' title='bbox 1535 1112 1637 1210; x_wconf 91' lang='lat' dir='ltr'><strong>pelle,</strong></span> <span class='ocrx_word' id='word_1_43' title='bbox 1664 1112 1798 1207; x_wconf 80' lang='lat' dir='ltr'><strong>caligis,</strong></span> <span class='ocrx_word' id='word_1_44' title='bbox 1826 1113 1913 1209; x_wconf 87' lang='lat' dir='ltr'><strong>ling.</strong></span> <span class='ocrx_word' id='word_1_45' title='bbox 1940 1141 2025 1210; x_wconf 84' lang='lat' dir='ltr'><strong>oxs,</strong></span> 
     </span>
     <span class='ocr_line' id='line_1_7' title="bbox 472 1230 2026 1331; baseline 0.002 -27"><span class='ocrx_word' id='word_1_46' title='bbox 472 1231 560 1305; x_wconf 90' lang='lat' dir='ltr'><strong>crin.</strong></span> <span class='ocrx_word' id='word_1_47' title='bbox 587 1233 673 1305; x_wconf 89' lang='lat' dir='ltr'><strong>mire</strong></span> <span class='ocrx_word' id='word_1_48' title='bbox 703 1234 847 1330; x_wconf 90' lang='lat' dir='ltr'><strong>ornatis,</strong></span> <span class='ocrx_word' id='word_1_49' title='bbox 876 1235 1001 1331; x_wconf 82' lang='lat' dir='ltr'><strong>capitis</strong></span> <span class='ocrx_word' id='word_1_50' title='bbox 1026 1235 1139 1308; x_wconf 78' lang='lat' dir='ltr'><strong>forma</strong></span> <span class='ocrx_word' id='word_1_51' title='bbox 1165 1240 1194 1308; x_wconf 92' lang='lat' dir='ltr'><strong>si</strong></span> <span class='ocrx_word' id='word_1_52' title='bbox 1221 1234 1362 1308; x_wconf 86' lang='lat' dir='ltr'><strong>tabulae</strong></span> <span class='ocrx_word' id='word_1_53' title='bbox 1387 1234 1501 1305; x_wconf 86' lang='lat' dir='ltr'><strong>editae</strong></span> <span class='ocrx_word' id='word_1_54' title='bbox 1527 1232 1611 1304; x_wconf 89' lang='lat' dir='ltr'><strong>fides</strong></span> <span class='ocrx_word' id='word_1_55' title='bbox 1637 1230 1876 1328; x_wconf 88' lang='lat' dir='ltr'><strong>esthabeuda,</strong></span> <span class='ocrx_word' id='word_1_56' title='bbox 1903 1235 2026 1307; x_wconf 85' lang='lat' dir='ltr'><strong>ceteris</strong></span> 
     </span>
     <span class='ocr_line' id='line_1_8' title="bbox 471 1348 911 1447; baseline 0.009 -27"><span class='ocrx_word' id='word_1_57' title='bbox 471 1348 583 1421; x_wconf 89' lang='lat' dir='ltr'><strong>multo</strong></span> <span class='ocrx_word' id='word_1_58' title='bbox 609 1351 726 1423; x_wconf 90' lang='lat' dir='ltr'><strong>minus</strong></span> <span class='ocrx_word' id='word_1_59' title='bbox 752 1352 911 1447; x_wconf 90' lang='lat' dir='ltr'><strong>antiqua.</strong></span> 
     </span>
    </p>
   </div>
   <div class='ocr_carea' id='block_1_4' title="bbox 523 1464 2027 1564">
    <p class='ocr_par' dir='ltr' id='par_1_6' title="bbox 523 1464 2027 1564">
     <span class='ocr_line' id='line_1_9' title="bbox 523 1464 2027 1564; baseline 0.001 -27"><span class='ocrx_word' id='word_1_60' title='bbox 523 1464 635 1559; x_wconf 87' lang='lat' dir='ltr'><strong>Nigro</strong></span> <span class='ocrx_word' id='word_1_61' title='bbox 672 1490 773 1562; x_wconf 87' lang='lat' dir='ltr'><strong>purp.</strong></span> <span class='ocrx_word' id='word_1_62' title='bbox 813 1467 883 1540; x_wconf 89' lang='lat' dir='ltr'><strong>alh.</strong></span> <span class='ocrx_word' id='word_1_63' title='bbox 920 1468 983 1540; x_wconf 88' lang='lat' dir='ltr'><strong>lin.</strong></span> <span class='ocrx_word' id='word_1_64' title='bbox 1022 1492 1088 1541; x_wconf 88' lang='lat' dir='ltr'><strong>sor.</strong></span> <span class='ocrx_word' id='word_1_65' title='bbox 1127 1469 1165 1541; x_wconf 91' lang='lat' dir='ltr'><strong>in</strong></span> <span class='ocrx_word' id='word_1_66' title='bbox 1207 1469 1320 1541; x_wconf 92' lang='lat' dir='ltr'><strong>medio</strong></span> <span class='ocrx_word' id='word_1_67' title='bbox 1358 1468 1479 1564; x_wconf 85' lang='lat' dir='ltr'><strong>oyliee.</strong></span> <span class='ocrx_word' id='word_1_68' title='bbox 1519 1464 1689 1557; x_wconf 88' lang='lat' dir='ltr'><strong>Gerhard,</strong></span> <span class='ocrx_word' id='word_1_69' title='bbox 1728 1464 2027 1561; x_wconf 83' lang='lat' dir='ltr'><strong>Fliigolgestalteu</strong></span> 
     </span>
    </p>
   </div>
   <div class='ocr_carea' id='block_1_5' title="bbox 472 1584 2025 1781">
    <p class='ocr_par' dir='ltr' id='par_1_7' title="bbox 472 1584 2025 1781">
     <span class='ocr_line' id='line_1_10' title="bbox 472 1584 2025 1781; baseline 0.001 -29"><span class='ocrx_word' id='word_1_70' title='bbox 472 1584 678 1754; x_wconf 55' lang='grc'>1811015011]</span> <span class='ocrx_word' id='word_1_71' title='bbox 719 1692 872 1756; x_wconf 90' lang='lat' dir='ltr'><strong>revertor</strong></span> <span class='ocrx_word' id='word_1_72' title='bbox 905 1685 949 1756; x_wconf 91' lang='lat' dir='ltr'><strong>ad</strong></span> <span class='ocrx_word' id='word_1_73' title='bbox 983 1685 1099 1781; x_wconf 87' lang='lat' dir='ltr'><strong>capita</strong></span> <span class='ocrx_word' id='word_1_74' title='bbox 1135 1685 1267 1757; x_wconf 89' lang='lat' dir='ltr'><strong>rnaiora</strong></span> <span class='ocrx_word' id='word_1_75' title='bbox 1301 1707 1449 1779; x_wconf 91' lang='lat' dir='ltr'><strong>quorum</strong></span> <span class='ocrx_word' id='word_1_76' title='bbox 1483 1704 1594 1776; x_wconf 89' lang='lat' dir='ltr'><strong>genus</strong></span> <span class='ocrx_word' id='word_1_77' title='bbox 1620 1681 1759 1752; x_wconf 76' lang='lat' dir='ltr'><strong>[acilius</strong></span> <span class='ocrx_word' id='word_1_78' title='bbox 1785 1681 2025 1776; x_wconf 78' lang='lat' dir='ltr'><strong>distinguitur.</strong></span> 
     </span>
    </p>
   </div>
   <div class='ocr_carea' id='block_1_6' title="bbox 471 1797 2032 4471">
    <p class='ocr_par' dir='ltr' id='par_1_8' title="bbox 471 1797 2024 2015">
     <span class='ocr_line' id='line_1_11' title="bbox 475 1797 2024 1898; baseline 0.001 -28"><span class='ocrx_word' id='word_1_79' title='bbox 475 1797 548 1895; x_wconf 87' lang='lat' dir='ltr'><strong>Cap</strong></span> <span class='ocrx_word' id='word_1_80' title='bbox 585 1798 760 1893; x_wconf 83' lang='lat' dir='ltr'><strong>Gorgonis</strong></span> <span class='ocrx_word' id='word_1_81' title='bbox 786 1800 872 1896; x_wconf 89' lang='lat' dir='ltr'><strong>ling.</strong></span> <span class='ocrx_word' id='word_1_82' title='bbox 902 1801 1004 1874; x_wconf 89' lang='lat' dir='ltr'><strong>hodie</strong></span> <span class='ocrx_word' id='word_1_83' title='bbox 1030 1802 1141 1898; x_wconf 90' lang='lat' dir='ltr'><strong>nulla,</strong></span> <span class='ocrx_word' id='word_1_84' title='bbox 1168 1804 1261 1875; x_wconf 91' lang='lat' dir='ltr'><strong>rictu</strong></span> <span class='ocrx_word' id='word_1_85' title='bbox 1286 1810 1390 1886; x_wconf 88' lang='lat' dir='ltr'><strong>recto,</strong></span> <span class='ocrx_word' id='word_1_86' title='bbox 1419 1799 1537 1898; x_wconf 87' lang='lat' dir='ltr'><strong>parvis</strong></span> <span class='ocrx_word' id='word_1_87' title='bbox 1563 1799 1657 1871; x_wconf 88' lang='lat' dir='ltr'><strong>dent.</strong></span> <span class='ocrx_word' id='word_1_88' title='bbox 1684 1798 1786 1892; x_wconf 91' lang='lat' dir='ltr'><strong>albis,</strong></span> <span class='ocrx_word' id='word_1_89' title='bbox 1802 1822 1921 1893; x_wconf 88' lang='lat' dir='ltr'><strong>magn.</strong></span> <span class='ocrx_word' id='word_1_90' title='bbox 1936 1807 2024 1871; x_wconf 83' lang='lat' dir='ltr'><strong>extr.</strong></span> 
     </span>
     <span class='ocr_line' id='line_1_12' title="bbox 471 1918 1030 2015; baseline 0.007 -27"><span class='ocrx_word' id='word_1_91' title='bbox 471 1940 541 2010; x_wconf 90' lang='lat' dir='ltr'><strong>ore,</strong></span> <span class='ocrx_word' id='word_1_92' title='bbox 567 1918 687 2011; x_wconf 91' lang='lat' dir='ltr'><strong>barba,</strong></span> <span class='ocrx_word' id='word_1_93' title='bbox 714 1919 842 1991; x_wconf 88' lang='lat' dir='ltr'><strong>cinciu.</strong></span> <span class='ocrx_word' id='word_1_94' title='bbox 872 1919 923 1991; x_wconf 90' lang='lat' dir='ltr'><strong>VI</strong></span> <span class='ocrx_word' id='word_1_95' title='bbox 950 1944 1030 2015; x_wconf 89' lang='lat' dir='ltr'><strong>ang.</strong></span> 
     </span>
    </p>

    <p class='ocr_par' dir='ltr' id='par_1_9' title="bbox 473 2031 2025 2250">
     <span class='ocr_line' id='line_1_13' title="bbox 520 2031 2025 2134; baseline 0.003 -30"><span class='ocrx_word' id='word_1_96' title='bbox 520 2032 633 2127; x_wconf 68' lang='lat' dir='ltr'><strong>NIgro</strong></span> <span class='ocrx_word' id='word_1_97' title='bbox 671 2034 724 2105; x_wconf 89' lang='lat' dir='ltr'><strong>liu</strong></span> <span class='ocrx_word' id='word_1_98' title='bbox 775 2058 840 2108; x_wconf 87' lang='lat' dir='ltr'><strong>sor.</strong></span> <span class='ocrx_word' id='word_1_99' title='bbox 875 2037 913 2108; x_wconf 94' lang='lat' dir='ltr'><strong>in</strong></span> <span class='ocrx_word' id='word_1_100' title='bbox 940 2036 1052 2134; x_wconf 90' lang='lat' dir='ltr'><strong>clipeo</strong></span> <span class='ocrx_word' id='word_1_101' title='bbox 1090 2037 1171 2110; x_wconf 91' lang='lat' dir='ltr'><strong>albo</strong></span> <span class='ocrx_word' id='word_1_102' title='bbox 1216 2037 1390 2133; x_wconf 78' lang='lat' dir='ltr'><strong>Geryonis</strong></span> <span class='ocrx_word' id='word_1_103' title='bbox 1431 2034 1491 2129; x_wconf 93' lang='lat' dir='ltr'><strong>qui</strong></span> <span class='ocrx_word' id='word_1_104' title='bbox 1530 2033 1575 2104; x_wconf 90' lang='lat' dir='ltr'><strong>ab</strong></span> <span class='ocrx_word' id='word_1_105' title='bbox 1614 2031 1767 2104; x_wconf 78' lang='lat' dir='ltr'><strong>Hercule</strong></span> <span class='ocrx_word' id='word_1_106' title='bbox 1793 2041 2025 2127; x_wconf 81' lang='lat' dir='ltr'><strong>oppugnatur.</strong></span> 
     </span>
     <span class='ocr_line' id='line_1_14' title="bbox 473 2149 954 2250; baseline 0.015 -30"><span class='ocrx_word' id='word_1_107' title='bbox 473 2151 503 2244; x_wconf 91' lang='lat'><strong>)(</strong></span> <span class='ocrx_word' id='word_1_108' title='bbox 529 2149 708 2244; x_wconf 85' lang='lat' dir='ltr'><strong>Quadriga</strong></span> <span class='ocrx_word' id='word_1_109' title='bbox 732 2152 954 2250; x_wconf 71' lang='lat' dir='ltr'><strong>Anchiptp).</strong></span> 
     </span>
    </p>

    <p class='ocr_par' dir='ltr' id='par_1_10' title="bbox 471 2265 2028 2480">
     <span class='ocr_line' id='line_1_15' title="bbox 521 2265 2028 2368; baseline -0.001 -30"><span class='ocrx_word' id='word_1_110' title='bbox 521 2266 703 2364; x_wconf 86' lang='lat' dir='ltr'><strong>Amphora</strong></span> <span class='ocrx_word' id='word_1_111' title='bbox 730 2269 831 2363; x_wconf 90' lang='lat' dir='ltr'><strong>nigro</strong></span> <span class='ocrx_word' id='word_1_112' title='bbox 856 2295 958 2368; x_wconf 88' lang='lat' dir='ltr'><strong>purp.</strong></span> <span class='ocrx_word' id='word_1_113' title='bbox 985 2272 1077 2363; x_wconf 87' lang='lat' dir='ltr'><strong>albo,</strong></span> <span class='ocrx_word' id='word_1_114' title='bbox 1106 2273 1168 2366; x_wconf 88' lang='lat' dir='ltr'><strong>lin.</strong></span> <span class='ocrx_word' id='word_1_115' title='bbox 1196 2295 1263 2344; x_wconf 89' lang='lat' dir='ltr'><strong>scr.</strong></span> <span class='ocrx_word' id='word_1_116' title='bbox 1295 2270 1463 2364; x_wconf 88' lang='lat' dir='ltr'><strong>inscripta</strong></span> <span class='ocrx_word' id='word_1_117' title='bbox 1490 2278 1838 2344; x_wconf 65' lang='lat' dir='ltr'><strong>csrfittssts&#39;Offist.</strong></span> <span class='ocrx_word' id='word_1_118' title='bbox 1868 2265 2028 2353; x_wconf 86' lang='lat' dir='ltr'><strong>Gerhard</strong></span> 
     </span>
     <span class='ocr_line' id='line_1_16' title="bbox 471 2383 1976 2480; baseline -0.001 -23"><span class='ocrx_word' id='word_1_119' title='bbox 471 2386 516 2457; x_wconf 90' lang='lat' dir='ltr'><strong>A.</strong></span> <span class='ocrx_word' id='word_1_120' title='bbox 544 2384 591 2457; x_wconf 88' lang='lat' dir='ltr'><strong>V.</strong></span> <span class='ocrx_word' id='word_1_121' title='bbox 622 2387 703 2457; x_wconf 77' lang='lat'><strong>107.</strong></span> <span class='ocrx_word' id='word_1_122' title='bbox 730 2386 784 2458; x_wconf 91' lang='lat' dir='ltr'><strong>De</strong></span> <span class='ocrx_word' id='word_1_123' title='bbox 809 2387 923 2461; x_wconf 87' lang='lat' dir='ltr'><strong>Witte</strong></span> <span class='ocrx_word' id='word_1_124' title='bbox 950 2389 1034 2462; x_wconf 82' lang='lat' dir='ltr'><strong>Gab.</strong></span> <span class='ocrx_word' id='word_1_125' title='bbox 1062 2388 1210 2462; x_wconf 92' lang='lat' dir='ltr'><strong>Durand</strong></span> <span class='ocrx_word' id='word_1_126' title='bbox 1238 2391 1322 2462; x_wconf 83' lang='lat'><strong>296.</strong></span> <span class='ocrx_word' id='word_1_127' title='bbox 1350 2387 1435 2460; x_wconf 83' lang='lat' dir='ltr'><strong>Oab.</strong></span> <span class='ocrx_word' id='word_1_128' title='bbox 1463 2387 1706 2480; x_wconf 87' lang='lat' dir='ltr'><strong>Magnoncour</strong></span> <span class='ocrx_word' id='word_1_129' title='bbox 1728 2388 1785 2457; x_wconf 84' lang='lat'><strong>39.</strong></span> <span class='ocrx_word' id='word_1_130' title='bbox 1814 2383 1923 2456; x_wconf 85' lang='lat' dir='ltr'><strong>Klein</strong></span> <span class='ocrx_word' id='word_1_131' title='bbox 1944 2387 1976 2456; x_wconf 93' lang='grc'><strong>1.</strong></span> 
     </span>
    </p>

    <p class='ocr_par' dir='ltr' id='par_1_11' title="bbox 473 2501 2027 2699">
     <span class='ocr_line' id='line_1_17' title="bbox 523 2501 2027 2605; baseline 0 -32"><span class='ocrx_word' id='word_1_132' title='bbox 523 2501 619 2578; x_wconf 84' lang='lat' dir='ltr'><strong>Huic</strong></span> <span class='ocrx_word' id='word_1_133' title='bbox 657 2503 744 2575; x_wconf 90' lang='lat' dir='ltr'><strong>adde</strong></span> <span class='ocrx_word' id='word_1_134' title='bbox 781 2528 856 2601; x_wconf 90' lang='lat' dir='ltr'><strong>cap.</strong></span> <span class='ocrx_word' id='word_1_135' title='bbox 896 2506 1072 2600; x_wconf 85' lang='lat' dir='ltr'><strong>Gorgonis</strong></span> <span class='ocrx_word' id='word_1_136' title='bbox 1111 2507 1149 2580; x_wconf 92' lang='lat' dir='ltr'><strong>in</strong></span> <span class='ocrx_word' id='word_1_137' title='bbox 1189 2507 1301 2605; x_wconf 89' lang='lat' dir='ltr'><strong>clipeo</strong></span> <span class='ocrx_word' id='word_1_138' title='bbox 1340 2504 1468 2579; x_wconf 90' lang='lat' dir='ltr'><strong>Martis</strong></span> <span class='ocrx_word' id='word_1_139' title='bbox 1495 2504 1532 2577; x_wconf 90' lang='lat' dir='ltr'><strong>in</strong></span> <span class='ocrx_word' id='word_1_140' title='bbox 1559 2505 1728 2601; x_wconf 87' lang='lat' dir='ltr'><strong>amphora</strong></span> <span class='ocrx_word' id='word_1_141' title='bbox 1754 2527 1789 2576; x_wconf 90' lang='lat' dir='ltr'><strong>n.</strong></span> <span class='ocrx_word' id='word_1_142' title='bbox 1816 2503 1840 2575; x_wconf 89' lang='grc'><strong>1.</strong></span> <span class='ocrx_word' id='word_1_143' title='bbox 1868 2501 2027 2575; x_wconf 88' lang='lat' dir='ltr'><strong>Gerhard</strong></span> 
     </span>
     <span class='ocr_line' id='line_1_18' title="bbox 473 2620 655 2699; baseline 0.011 -7"><span class='ocrx_word' id='word_1_144' title='bbox 473 2621 519 2692; x_wconf 90' lang='lat' dir='ltr'><strong>A.</strong></span> <span class='ocrx_word' id='word_1_145' title='bbox 543 2620 591 2699; x_wconf 88' lang='lat' dir='ltr'><strong>V,</strong></span> <span class='ocrx_word' id='word_1_146' title='bbox 621 2622 655 2695; x_wconf 88' lang='lat'><strong>1.</strong></span> 
     </span>
    </p>

    <p class='ocr_par' dir='ltr' id='par_1_12' title="bbox 523 2738 2029 2837">
     <span class='ocr_line' id='line_1_19' title="bbox 523 2738 2029 2837; baseline -0.001 -27"><span class='ocrx_word' id='word_1_147' title='bbox 523 2739 624 2811; x_wconf 87' lang='lat' dir='ltr'><strong>Adde</strong></span> <span class='ocrx_word' id='word_1_148' title='bbox 661 2739 766 2812; x_wconf 89' lang='lat' dir='ltr'><strong>etiam</strong></span> <span class='ocrx_word' id='word_1_149' title='bbox 810 2740 942 2837; x_wconf 89' lang='lat' dir='ltr'><strong>partem</strong></span> <span class='ocrx_word' id='word_1_150' title='bbox 980 2741 1160 2813; x_wconf 89' lang='lat' dir='ltr'><strong>sinistram</strong></span> <span class='ocrx_word' id='word_1_151' title='bbox 1195 2741 1322 2837; x_wconf 89' lang='lat' dir='ltr'><strong>capitis</strong></span> <span class='ocrx_word' id='word_1_152' title='bbox 1348 2739 1526 2834; x_wconf 87' lang='lat' dir='ltr'><strong>Gorgonis</strong></span> <span class='ocrx_word' id='word_1_153' title='bbox 1551 2741 1673 2836; x_wconf 88' lang='lat' dir='ltr'><strong>(supra</strong></span> <span class='ocrx_word' id='word_1_154' title='bbox 1697 2746 1733 2810; x_wconf 91' lang='lat' dir='ltr'><strong>et</strong></span> <span class='ocrx_word' id='word_1_155' title='bbox 1758 2740 1878 2811; x_wconf 87' lang='lat' dir='ltr'><strong>subter</strong></span> <span class='ocrx_word' id='word_1_156' title='bbox 1903 2738 2029 2832; x_wconf 89' lang='lat' dir='ltr'><strong>anguis</strong></span> 
     </span>
    </p>

    <p class='ocr_par' dir='ltr' id='par_1_13' title="bbox 472 2854 2032 4471">
     <span class='ocr_line' id='line_1_20' title="bbox 472 2854 2030 2954; baseline 0 -27"><span class='ocrx_word' id='word_1_157' title='bbox 472 2862 696 2951; x_wconf 87' lang='lat' dir='ltr'><strong>permagnus)</strong></span> <span class='ocrx_word' id='word_1_158' title='bbox 744 2856 783 2929; x_wconf 92' lang='lat' dir='ltr'><strong>in</strong></span> <span class='ocrx_word' id='word_1_159' title='bbox 821 2857 933 2954; x_wconf 88' lang='lat' dir='ltr'><strong>clipeo</strong></span> <span class='ocrx_word' id='word_1_160' title='bbox 979 2858 1101 2930; x_wconf 86' lang='lat' dir='ltr'><strong>Aiacis</strong></span> <span class='ocrx_word' id='word_1_161' title='bbox 1138 2858 1198 2952; x_wconf 91' lang='lat' dir='ltr'><strong>qui</strong></span> <span class='ocrx_word' id='word_1_162' title='bbox 1236 2881 1316 2930; x_wconf 89' lang='lat' dir='ltr'><strong>cum</strong></span> <span class='ocrx_word' id='word_1_163' title='bbox 1354 2856 1498 2929; x_wconf 88' lang='lat' dir='ltr'><strong>Achille</strong></span> <span class='ocrx_word' id='word_1_164' title='bbox 1535 2855 1613 2929; x_wconf 85' lang='lat' dir='ltr'><strong>alea</strong></span> <span class='ocrx_word' id='word_1_165' title='bbox 1652 2854 1754 2949; x_wconf 91' lang='lat' dir='ltr'><strong>ludit,</strong></span> <span class='ocrx_word' id='word_1_166' title='bbox 1789 2855 1828 2928; x_wconf 91' lang='lat' dir='ltr'><strong>in</strong></span> <span class='ocrx_word' id='word_1_167' title='bbox 1862 2854 2030 2952; x_wconf 89' lang='lat' dir='ltr'><strong>amphora</strong></span> 
     </span>
     <span class='ocr_line' id='line_1_21' title="bbox 473 2971 2028 3069; baseline 0.001 -26"><span class='ocrx_word' id='word_1_168' title='bbox 473 2972 594 3044; x_wconf 88' lang='lat' dir='ltr'><strong>itidem</strong></span> <span class='ocrx_word' id='word_1_169' title='bbox 636 2973 680 3045; x_wconf 90' lang='lat' dir='ltr'><strong>ab</strong></span> <span class='ocrx_word' id='word_1_170' title='bbox 719 2973 851 3046; x_wconf 85' lang='lat' dir='ltr'><strong>Exeoia</strong></span> <span class='ocrx_word' id='word_1_171' title='bbox 888 2974 983 3047; x_wconf 85' lang='lat' dir='ltr'><strong>facta</strong></span> <span class='ocrx_word' id='word_1_172' title='bbox 1021 2975 1130 3069; x_wconf 87' lang='lat' dir='ltr'><strong>(Mus.</strong></span> <span class='ocrx_word' id='word_1_173' title='bbox 1158 2974 1305 3069; x_wconf 88' lang='lat' dir='ltr'><strong>Gregor.</strong></span> <span class='ocrx_word' id='word_1_174' title='bbox 1333 2973 1373 3046; x_wconf 93' lang='lat' dir='ltr'><strong>II</strong></span> <span class='ocrx_word' id='word_1_175' title='bbox 1400 2973 1472 3045; x_wconf 88' lang='lat' dir='ltr'><strong>tab.</strong></span> <span class='ocrx_word' id='word_1_176' title='bbox 1501 2974 1559 3045; x_wconf 85' lang='grc'><strong>35.</strong></span> <span class='ocrx_word' id='word_1_177' title='bbox 1587 2973 1674 3045; x_wconf 91' lang='lat' dir='ltr'><strong>Mon</strong></span> <span class='ocrx_word' id='word_1_178' title='bbox 1701 2971 1783 3044; x_wconf 86' lang='lat' dir='ltr'><strong>dell’</strong></span> <span class='ocrx_word' id='word_1_179' title='bbox 1811 2973 1902 3045; x_wconf 87' lang='lat' dir='ltr'><strong>lust.</strong></span> <span class='ocrx_word' id='word_1_180' title='bbox 1934 2974 2028 3045; x_wconf 91' lang='grc'>1835</span> 
     </span>
     <span class='ocr_line' id='line_1_22' title="bbox 473 3088 2031 3188; baseline 0.001 -28"><span class='ocrx_word' id='word_1_181' title='bbox 473 3088 544 3160; x_wconf 90' lang='lat' dir='ltr'><strong>tab.</strong></span> <span class='ocrx_word' id='word_1_182' title='bbox 572 3090 631 3183; x_wconf 82' lang='lat'><strong>22,</strong></span> <span class='ocrx_word' id='word_1_183' title='bbox 658 3088 768 3161; x_wconf 87' lang='lat' dir='ltr'><strong>Klein</strong></span> <span class='ocrx_word' id='word_1_184' title='bbox 795 3095 827 3164; x_wconf 85' lang='lat'><strong>4.</strong></span> <span class='ocrx_word' id='word_1_185' title='bbox 854 3090 941 3188; x_wconf 88' lang='lat' dir='ltr'><strong>Rep.</strong></span> <span class='ocrx_word' id='word_1_186' title='bbox 969 3090 1106 3177; x_wconf 85' lang='lat' dir='ltr'><strong>Volcis)</strong></span> <span class='ocrx_word' id='word_1_187' title='bbox 1131 3098 1167 3163; x_wconf 89' lang='lat' dir='ltr'><strong>et</strong></span> <span class='ocrx_word' id='word_1_188' title='bbox 1192 3097 1327 3188; x_wconf 87' lang='lat' dir='ltr'><strong>partem</strong></span> <span class='ocrx_word' id='word_1_189' title='bbox 1354 3089 1535 3162; x_wconf 88' lang='lat' dir='ltr'><strong>sinistram</strong></span> <span class='ocrx_word' id='word_1_190' title='bbox 1562 3112 1699 3184; x_wconf 92' lang='lat' dir='ltr'><strong>quoque</strong></span> <span class='ocrx_word' id='word_1_191' title='bbox 1715 3088 1840 3184; x_wconf 82' lang='lat' dir='ltr'><strong>capitis</strong></span> <span class='ocrx_word' id='word_1_192' title='bbox 1854 3088 2031 3182; x_wconf 88' lang='lat' dir='ltr'><strong>Gorgonis</strong></span> 
     </span>
     <span class='ocr_line' id='line_1_23' title="bbox 476 3204 2028 3303; baseline 0.001 -28"><span class='ocrx_word' id='word_1_193' title='bbox 476 3204 515 3276; x_wconf 89' lang='lat' dir='ltr'><strong>in</strong></span> <span class='ocrx_word' id='word_1_194' title='bbox 553 3204 664 3302; x_wconf 88' lang='lat' dir='ltr'><strong>clipeo</strong></span> <span class='ocrx_word' id='word_1_195' title='bbox 700 3205 893 3278; x_wconf 88' lang='lat' dir='ltr'><strong>Amazonis</strong></span> <span class='ocrx_word' id='word_1_196' title='bbox 932 3230 1021 3302; x_wconf 89' lang='lat' dir='ltr'><strong>quae</strong></span> <span class='ocrx_word' id='word_1_197' title='bbox 1056 3230 1134 3279; x_wconf 90' lang='lat' dir='ltr'><strong>oum</strong></span> <span class='ocrx_word' id='word_1_198' title='bbox 1161 3205 1317 3280; x_wconf 89' lang='lat' dir='ltr'><strong>Hercule</strong></span> <span class='ocrx_word' id='word_1_199' title='bbox 1352 3213 1497 3303; x_wconf 89' lang='lat' dir='ltr'><strong>pugnat,</strong></span> <span class='ocrx_word' id='word_1_200' title='bbox 1524 3206 1563 3278; x_wconf 93' lang='lat' dir='ltr'><strong>in</strong></span> <span class='ocrx_word' id='word_1_201' title='bbox 1597 3205 1709 3303; x_wconf 83' lang='lat' dir='ltr'><strong>cylice</strong></span> <span class='ocrx_word' id='word_1_202' title='bbox 1735 3206 1831 3300; x_wconf 91' lang='lat' dir='ltr'><strong>nigr.</strong></span> <span class='ocrx_word' id='word_1_203' title='bbox 1861 3206 1930 3300; x_wconf 83' lang='lat' dir='ltr'><strong>fig,</strong></span> <span class='ocrx_word' id='word_1_204' title='bbox 1957 3229 2028 3301; x_wconf 89' lang='lat' dir='ltr'><strong>rep.</strong></span> 
     </span>
     <span class='ocr_line' id='line_1_24' title="bbox 474 3319 1806 3420; baseline 0.002 -27"><span class='ocrx_word' id='word_1_205' title='bbox 474 3319 595 3418; x_wconf 86' lang='lat' dir='ltr'><strong>Nolae,</strong></span> <span class='ocrx_word' id='word_1_206' title='bbox 619 3347 718 3412; x_wconf 42' lang='lat' dir='ltr'><strong>,nunc</strong></span> <span class='ocrx_word' id='word_1_207' title='bbox 743 3324 782 3396; x_wconf 94' lang='lat' dir='ltr'><strong>in</strong></span> <span class='ocrx_word' id='word_1_208' title='bbox 807 3325 900 3397; x_wconf 91' lang='lat' dir='ltr'><strong>Mus.</strong></span> <span class='ocrx_word' id='word_1_209' title='bbox 928 3324 1017 3397; x_wconf 90' lang='lat' dir='ltr'><strong>Brit.</strong></span> <span class='ocrx_word' id='word_1_210' title='bbox 1045 3325 1158 3420; x_wconf 90' lang='lat' dir='ltr'><strong>(Mon.</strong></span> <span class='ocrx_word' id='word_1_211' title='bbox 1187 3325 1270 3398; x_wconf 84' lang='lat' dir='ltr'><strong>dell&#39;</strong></span> <span class='ocrx_word' id='word_1_212' title='bbox 1297 3324 1387 3398; x_wconf 88' lang='lat' dir='ltr'><strong>Inst.</strong></span> <span class='ocrx_word' id='word_1_213' title='bbox 1410 3324 1480 3396; x_wconf 90' lang='lat' dir='ltr'><strong>IX.</strong></span> <span class='ocrx_word' id='word_1_214' title='bbox 1510 3325 1604 3397; x_wconf 88' lang='grc'>1869</span> <span class='ocrx_word' id='word_1_215' title='bbox 1632 3324 1703 3396; x_wconf 88' lang='lat' dir='ltr'><strong>tab.</strong></span> <span class='ocrx_word' id='word_1_216' title='bbox 1734 3325 1751 3395; x_wconf 89' lang='lat'>1</span> <span class='ocrx_word' id='word_1_217' title='bbox 1781 3324 1806 3417; x_wconf 90' lang='lat'><strong>).</strong></span> 
     </span>
     <span class='ocr_line' id='line_1_25' title="bbox 476 3438 2032 3538; baseline 0.001 -28"><span class='ocrx_word' id='word_1_218' title='bbox 476 3438 646 3512; x_wconf 88' lang='lat' dir='ltr'><strong>Levezow</strong></span> <span class='ocrx_word' id='word_1_219' title='bbox 686 3441 742 3513; x_wconf 91' lang='lat'><strong>19.</strong></span> <span class='ocrx_word' id='word_1_220' title='bbox 771 3440 857 3538; x_wconf 83' lang='lat' dir='ltr'><strong>Cap.</strong></span> <span class='ocrx_word' id='word_1_221' title='bbox 895 3440 1071 3536; x_wconf 87' lang='lat' dir='ltr'><strong>Gorgonis</strong></span> <span class='ocrx_word' id='word_1_222' title='bbox 1111 3442 1199 3537; x_wconf 94' lang='lat' dir='ltr'><strong>ling.</strong></span> <span class='ocrx_word' id='word_1_223' title='bbox 1227 3466 1299 3514; x_wconf 88' lang='lat' dir='ltr'><strong>exs.</strong></span> <span class='ocrx_word' id='word_1_224' title='bbox 1328 3442 1413 3515; x_wconf 90' lang='lat' dir='ltr'><strong>satis</strong></span> <span class='ocrx_word' id='word_1_225' title='bbox 1438 3442 1511 3515; x_wconf 90' lang='lat' dir='ltr'><strong>lata</strong></span> <span class='ocrx_word' id='word_1_226' title='bbox 1538 3440 1592 3513; x_wconf 91' lang='lat' dir='ltr'><strong>bis</strong></span> <span class='ocrx_word' id='word_1_227' title='bbox 1618 3440 1674 3513; x_wconf 90' lang='lat' dir='ltr'><strong>vel</strong></span> <span class='ocrx_word' id='word_1_228' title='bbox 1703 3449 1755 3512; x_wconf 89' lang='lat' dir='ltr'><strong>ter</strong></span> <span class='ocrx_word' id='word_1_229' title='bbox 1780 3440 1904 3534; x_wconf 90' lang='lat' dir='ltr'><strong>divisa,</strong></span> <span class='ocrx_word' id='word_1_230' title='bbox 1940 3441 2032 3512; x_wconf 91' lang='lat' dir='ltr'><strong>rictu</strong></span> 
     </span>
     <span class='ocr_line' id='line_1_26' title="bbox 476 3554 2032 3656; baseline 0 -29"><span class='ocrx_word' id='word_1_231' title='bbox 476 3554 561 3652; x_wconf 91' lang='lat' dir='ltr'><strong>lato,</strong></span> <span class='ocrx_word' id='word_1_232' title='bbox 595 3556 705 3630; x_wconf 90' lang='lat' dir='ltr'><strong>nullis</strong></span> <span class='ocrx_word' id='word_1_233' title='bbox 730 3558 936 3655; x_wconf 90' lang='lat' dir='ltr'><strong>plerumque</strong></span> <span class='ocrx_word' id='word_1_234' title='bbox 961 3558 1126 3632; x_wconf 87' lang='lat' dir='ltr'><strong>dentibus</strong></span> <span class='ocrx_word' id='word_1_235' title='bbox 1153 3558 1307 3646; x_wconf 88' lang='lat' dir='ltr'><strong>(difficile</strong></span> <span class='ocrx_word' id='word_1_236' title='bbox 1333 3582 1434 3656; x_wconf 89' lang='lat' dir='ltr'><strong>saepe</strong></span> <span class='ocrx_word' id='word_1_237' title='bbox 1460 3565 1512 3630; x_wconf 89' lang='lat' dir='ltr'><strong>est</strong></span> <span class='ocrx_word' id='word_1_238' title='bbox 1538 3556 1652 3629; x_wconf 89' lang='lat' dir='ltr'><strong>dicere</strong></span> <span class='ocrx_word' id='word_1_239' title='bbox 1678 3564 1796 3628; x_wconf 88' lang='lat' dir='ltr'><strong>utrum</strong></span> <span class='ocrx_word' id='word_1_240' title='bbox 1823 3556 2032 3628; x_wconf 86' lang='lat' dir='ltr'><strong>evanuerint</strong></span> 
     </span>
     <span class='ocr_line' id='line_1_27' title="bbox 474 3673 2032 3773; baseline 0 -27"><span class='ocrx_word' id='word_1_241' title='bbox 474 3698 521 3747; x_wconf 86' lang='lat' dir='ltr'><strong>an</strong></span> <span class='ocrx_word' id='word_1_242' title='bbox 547 3699 729 3771; x_wconf 91' lang='lat' dir='ltr'><strong>nunquam</strong></span> <span class='ocrx_word' id='word_1_243' title='bbox 754 3675 979 3770; x_wconf 80' lang='lat' dir='ltr'><strong>exstiterint),</strong></span> <span class='ocrx_word' id='word_1_244' title='bbox 1006 3700 1092 3749; x_wconf 91' lang='lat' dir='ltr'><strong>naso</strong></span> <span class='ocrx_word' id='word_1_245' title='bbox 1105 3677 1256 3773; x_wconf 88' lang='lat' dir='ltr'><strong>primurn</strong></span> <span class='ocrx_word' id='word_1_246' title='bbox 1275 3675 1463 3770; x_wconf 89' lang='lat' dir='ltr'><strong>diligenter</strong></span> <span class='ocrx_word' id='word_1_247' title='bbox 1479 3675 1572 3772; x_wconf 89' lang='lat' dir='ltr'><strong>picto</strong></span> <span class='ocrx_word' id='word_1_248' title='bbox 1585 3673 1761 3768; x_wconf 90' lang='lat' dir='ltr'><strong>(Gerhard</strong></span> <span class='ocrx_word' id='word_1_249' title='bbox 1774 3675 1820 3746; x_wconf 96' lang='lat' dir='ltr'><strong>A.</strong></span> <span class='ocrx_word' id='word_1_250' title='bbox 1837 3673 1881 3745; x_wconf 92' lang='lat' dir='ltr'><strong>V.</strong></span> <span class='ocrx_word' id='word_1_251' title='bbox 1904 3675 2032 3768; x_wconf 78' lang='grc'>2513)</span> 
     </span>
     <span class='ocr_line' id='line_1_28' title="bbox 475 3791 2028 3888; baseline 0 -25"><span class='ocrx_word' id='word_1_252' title='bbox 475 3799 595 3888; x_wconf 87' lang='lat' dir='ltr'><strong>postea</strong></span> <span class='ocrx_word' id='word_1_253' title='bbox 620 3791 774 3864; x_wconf 86' lang='lat' dir='ltr'><strong>indicato</strong></span> <span class='ocrx_word' id='word_1_254' title='bbox 799 3798 939 3865; x_wconf 90' lang='lat' dir='ltr'><strong>tantum</strong></span> <span class='ocrx_word' id='word_1_255' title='bbox 965 3791 1201 3888; x_wconf 86' lang='lat' dir='ltr'><strong>(Bibliotheca</strong></span> <span class='ocrx_word' id='word_1_256' title='bbox 1225 3792 1347 3866; x_wconf 64' lang='lat' dir='ltr'><strong>Fac.</strong></span> <span class='ocrx_word' id='word_1_257' title='bbox 1376 3791 1465 3865; x_wconf 84' lang='lat' dir='ltr'><strong>Coll.</strong></span> <span class='ocrx_word' id='word_1_258' title='bbox 1491 3791 1534 3864; x_wconf 90' lang='lat' dir='ltr'><strong>de</strong></span> <span class='ocrx_word' id='word_1_259' title='bbox 1557 3792 1712 3887; x_wconf 86' lang='lat' dir='ltr'><strong>Luynes.</strong></span> <span class='ocrx_word' id='word_1_260' title='bbox 1741 3791 1848 3885; x_wconf 82' lang='lat' dir='ltr'><strong>Cylix</strong></span> <span class='ocrx_word' id='word_1_261' title='bbox 1861 3791 2028 3863; x_wconf 85' lang='lat' dir='ltr'><strong>maxima:</strong></span> 
     </span>
     <span class='ocr_line' id='line_1_29' title="bbox 476 3905 2029 4005; baseline -0.001 -27"><span class='ocrx_word' id='word_1_262' title='bbox 476 3914 622 3979; x_wconf 87' lang='lat' dir='ltr'><strong>externa</strong></span> <span class='ocrx_word' id='word_1_263' title='bbox 658 3915 758 4005; x_wconf 88' lang='lat' dir='ltr'><strong>parte</strong></span> <span class='ocrx_word' id='word_1_264' title='bbox 793 3908 991 3982; x_wconf 88' lang='lat' dir='ltr'><strong>comissatio</strong></span> <span class='ocrx_word' id='word_1_265' title='bbox 1018 3908 1159 4002; x_wconf 85' lang='lat' dir='ltr'><strong>Bacchi,</strong></span> <span class='ocrx_word' id='word_1_266' title='bbox 1194 3908 1360 3981; x_wconf 87' lang='lat' dir='ltr'><strong>interiore</strong></span> <span class='ocrx_word' id='word_1_267' title='bbox 1384 3908 1581 3980; x_wconf 88' lang='lat' dir='ltr'><strong>vindemiae</strong></span> <span class='ocrx_word' id='word_1_268' title='bbox 1607 3907 1824 4004; x_wconf 82' lang='lat' dir='ltr'><strong>Satyrorum,</strong></span> <span class='ocrx_word' id='word_1_269' title='bbox 1852 3905 1943 4001; x_wconf 88' lang='lat' dir='ltr'><strong>nigr.</strong></span> <span class='ocrx_word' id='word_1_270' title='bbox 1970 3907 2029 4000; x_wconf 90' lang='lat' dir='ltr'><strong>fig.</strong></span> 
     </span>
     <span class='ocr_line' id='line_1_30' title="bbox 477 4021 2030 4122; baseline -0.001 -26"><span class='ocrx_word' id='word_1_271' title='bbox 477 4024 608 4097; x_wconf 90' lang='lat' dir='ltr'><strong>circum</strong></span> <span class='ocrx_word' id='word_1_272' title='bbox 633 4030 740 4122; x_wconf 87' lang='lat' dir='ltr'><strong>caput</strong></span> <span class='ocrx_word' id='word_1_273' title='bbox 774 4024 950 4120; x_wconf 88' lang='lat' dir='ltr'><strong>Gorgonis</strong></span> <span class='ocrx_word' id='word_1_274' title='bbox 990 4026 1092 4120; x_wconf 90' lang='lat' dir='ltr'><strong>nigro</strong></span> <span class='ocrx_word' id='word_1_275' title='bbox 1126 4050 1225 4122; x_wconf 90' lang='lat' dir='ltr'><strong>purp.</strong></span> <span class='ocrx_word' id='word_1_276' title='bbox 1258 4024 1323 4098; x_wconf 92' lang='lat' dir='ltr'><strong>lin.</strong></span> <span class='ocrx_word' id='word_1_277' title='bbox 1363 4048 1430 4097; x_wconf 89' lang='lat' dir='ltr'><strong>scr.</strong></span> <span class='ocrx_word' id='word_1_278' title='bbox 1470 4024 1509 4096; x_wconf 94' lang='lat' dir='ltr'><strong>in</strong></span> <span class='ocrx_word' id='word_1_279' title='bbox 1546 4023 1648 4118; x_wconf 91' lang='lat' dir='ltr'><strong>albo;</strong></span> <span class='ocrx_word' id='word_1_280' title='bbox 1688 4022 1781 4095; x_wconf 90' lang='lat' dir='ltr'><strong>Mus.</strong></span> <span class='ocrx_word' id='word_1_281' title='bbox 1817 4022 1907 4118; x_wconf 87' lang='lat' dir='ltr'><strong>Lup.</strong></span> <span class='ocrx_word' id='word_1_282' title='bbox 1954 4021 2030 4094; x_wconf 87' lang='lat' dir='ltr'><strong>Cat.</strong></span> 
     </span>
     <span class='ocr_line' id='line_1_31' title="bbox 477 4136 2032 4236; baseline -0.005 -22"><span class='ocrx_word' id='word_1_283' title='bbox 477 4140 658 4236; x_wconf 87' lang='lat' dir='ltr'><strong>Campana</strong></span> <span class='ocrx_word' id='word_1_284' title='bbox 682 4141 779 4214; x_wconf 88' lang='lat' dir='ltr'>VIII</span> <span class='ocrx_word' id='word_1_285' title='bbox 808 4143 865 4235; x_wconf 83' lang='lat'><strong>68,</strong></span> <span class='ocrx_word' id='word_1_286' title='bbox 895 4143 952 4214; x_wconf 85' lang='grc'><strong>69.</strong></span> <span class='ocrx_word' id='word_1_287' title='bbox 978 4142 1089 4214; x_wconf 89' lang='lat' dir='ltr'><strong>Klein</strong></span> <span class='ocrx_word' id='word_1_288' title='bbox 1115 4142 1165 4214; x_wconf 88' lang='lat' dir='ltr'><strong>M.</strong></span> <span class='ocrx_word' id='word_1_289' title='bbox 1194 4140 1229 4215; x_wconf 82' lang='lat' dir='ltr'><strong>S.</strong></span> <span class='ocrx_word' id='word_1_290' title='bbox 1259 4140 1492 4213; x_wconf 87' lang='lat' dir='ltr'><strong>Nicosthenes</strong></span> <span class='ocrx_word' id='word_1_291' title='bbox 1518 4140 1626 4229; x_wconf 79' lang='grc'>1157,</span> <span class='ocrx_word' id='word_1_292' title='bbox 1651 4142 1724 4231; x_wconf 92' lang='grc'>55).</span> <span class='ocrx_word' id='word_1_293' title='bbox 1752 4138 1878 4211; x_wconf 81' lang='lat' dir='ltr'><strong>Tarnis</strong></span> <span class='ocrx_word' id='word_1_294' title='bbox 1892 4136 2032 4231; x_wconf 92' lang='lat' dir='ltr'><strong>singulo</strong></span> 
     </span>
     <span class='ocr_line' id='line_1_32' title="bbox 479 4253 2030 4355; baseline -0.004 -26"><span class='ocrx_word' id='word_1_295' title='bbox 479 4256 705 4352; x_wconf 88' lang='lat' dir='ltr'><strong>quaternisve</strong></span> <span class='ocrx_word' id='word_1_296' title='bbox 730 4259 871 4355; x_wconf 85' lang='lat' dir='ltr'><strong>punctis</strong></span> <span class='ocrx_word' id='word_1_297' title='bbox 896 4258 934 4329; x_wconf 92' lang='lat' dir='ltr'><strong>in</strong></span> <span class='ocrx_word' id='word_1_298' title='bbox 960 4257 1075 4330; x_wconf 83' lang='lat' dir='ltr'><strong>fronte</strong></span> <span class='ocrx_word' id='word_1_299' title='bbox 1092 4282 1181 4352; x_wconf 88' lang='lat' dir='ltr'><strong>quae</strong></span> <span class='ocrx_word' id='word_1_300' title='bbox 1197 4280 1337 4351; x_wconf 88' lang='lat' dir='ltr'><strong>rugase</strong></span> <span class='ocrx_word' id='word_1_301' title='bbox 1363 4269 1413 4348; x_wconf 80' lang='lat' dir='ltr'><strong>2c,</strong></span> <span class='ocrx_word' id='word_1_302' title='bbox 1436 4255 1729 4351; x_wconf 71' lang='lat' dir='ltr'><strong>dtCyrenaioist)</strong></span> <span class='ocrx_word' id='word_1_303' title='bbox 1744 4262 1846 4326; x_wconf 87' lang='lat' dir='ltr'><strong>notas</strong></span> <span class='ocrx_word' id='word_1_304' title='bbox 1862 4253 2030 4346; x_wconf 89' lang='lat' dir='ltr'><strong>indicant,</strong></span> 
     </span>
     <span class='ocr_line' id='line_1_33' title="bbox 477 4374 1328 4471; baseline -0.006 -24"><span class='ocrx_word' id='word_1_305' title='bbox 477 4374 663 4468; x_wconf 87' lang='lat' dir='ltr'><strong>cincinnis,</strong></span> <span class='ocrx_word' id='word_1_306' title='bbox 692 4375 811 4471; x_wconf 89' lang='lat' dir='ltr'><strong>barba,</strong></span> <span class='ocrx_word' id='word_1_307' title='bbox 840 4399 976 4471; x_wconf 88' lang='lat' dir='ltr'><strong>semper</strong></span> <span class='ocrx_word' id='word_1_308' title='bbox 1000 4375 1038 4447; x_wconf 90' lang='lat' dir='ltr'><strong>in</strong></span> <span class='ocrx_word' id='word_1_309' title='bbox 1064 4375 1178 4448; x_wconf 90' lang='lat' dir='ltr'><strong>medio</strong></span> <span class='ocrx_word' id='word_1_310' title='bbox 1203 4374 1328 4471; x_wconf 79' lang='lat' dir='ltr'><strong>cylioe.</strong></span> 
     </span>
    </p>
   </div>
   <div class='ocr_carea' id='block_1_7' title="bbox 378 4486 2032 4587">
    <p class='ocr_par' dir='ltr' id='par_1_14' title="bbox 378 4486 2032 4587">
     <span class='ocr_line' id='line_1_34' title="bbox 378 4486 2032 4587; baseline -0.003 -25"><span class='ocrx_word' id='word_1_311' title='bbox 378 4495 425 4583; x_wconf 69' lang='lat' dir='ltr'><strong>dg</strong></span> <span class='ocrx_word' id='word_1_312' title='bbox 474 4488 644 4563; x_wconf 85' lang='lat' dir='ltr'><strong>chezovv</strong></span> <span class='ocrx_word' id='word_1_313' title='bbox 672 4493 729 4564; x_wconf 83' lang='lat'><strong>20.</strong></span> <span class='ocrx_word' id='word_1_314' title='bbox 758 4490 842 4587; x_wconf 88' lang='lat' dir='ltr'><strong>Cap.</strong></span> <span class='ocrx_word' id='word_1_315' title='bbox 879 4491 1056 4586; x_wconf 89' lang='lat' dir='ltr'><strong>Gorgonis</strong></span> <span class='ocrx_word' id='word_1_316' title='bbox 1088 4492 1286 4587; x_wconf 88' lang='lat' dir='ltr'><strong>proximum</strong></span> <span class='ocrx_word' id='word_1_317' title='bbox 1315 4488 1481 4561; x_wconf 86' lang='lat' dir='ltr'><strong>accedens</strong></span> <span class='ocrx_word' id='word_1_318' title='bbox 1516 4487 1560 4560; x_wconf 89' lang='lat' dir='ltr'><strong>ad</strong></span> <span class='ocrx_word' id='word_1_319' title='bbox 1592 4499 1618 4581; x_wconf 84' lang='lat' dir='ltr'><strong>f,</strong></span> <span class='ocrx_word' id='word_1_320' title='bbox 1659 4486 1744 4581; x_wconf 92' lang='lat' dir='ltr'><strong>ling.</strong></span> <span class='ocrx_word' id='word_1_321' title='bbox 1784 4510 1859 4558; x_wconf 85' lang='lat' dir='ltr'><strong>exs.</strong></span> <span class='ocrx_word' id='word_1_322' title='bbox 1891 4486 1950 4557; x_wconf 82' lang='lat' dir='ltr'><strong>vix</strong></span> <span class='ocrx_word' id='word_1_323' title='bbox 1977 4486 2032 4557; x_wconf 89' lang='lat' dir='ltr'><strong>vel</strong></span> 
     </span>
    </p>
   </div>
   <div class='ocr_carea' id='block_1_8' title="bbox 478 4602 2031 4821">
    <p class='ocr_par' dir='ltr' id='par_1_15' title="bbox 478 4602 2031 4821">
     <span class='ocr_line' id='line_1_35' title="bbox 478 4602 2031 4703; baseline -0.003 -25"><span class='ocrx_word' id='word_1_324' title='bbox 478 4631 619 4703; x_wconf 87' lang='lat' dir='ltr'><strong>prorsus</strong></span> <span class='ocrx_word' id='word_1_325' title='bbox 645 4632 716 4680; x_wconf 92' lang='lat' dir='ltr'><strong>non</strong></span> <span class='ocrx_word' id='word_1_326' title='bbox 743 4632 823 4681; x_wconf 90' lang='lat' dir='ltr'><strong>curn</strong></span> <span class='ocrx_word' id='word_1_327' title='bbox 850 4632 908 4681; x_wconf 91' lang='lat' dir='ltr'><strong>ore</strong></span> <span class='ocrx_word' id='word_1_328' title='bbox 934 4607 1153 4689; x_wconf 88' lang='lat' dir='ltr'><strong>cohaerente,</strong></span> <span class='ocrx_word' id='word_1_329' title='bbox 1182 4631 1260 4679; x_wconf 90' lang='lat' dir='ltr'><strong>raro</strong></span> <span class='ocrx_word' id='word_1_330' title='bbox 1286 4605 1504 4699; x_wconf 61' lang='lat' dir='ltr'><strong>dentibusa),</strong></span> <span class='ocrx_word' id='word_1_331' title='bbox 1531 4604 1707 4703; x_wconf 87' lang='lat' dir='ltr'><strong>palpebris</strong></span> <span class='ocrx_word' id='word_1_332' title='bbox 1734 4602 1933 4701; x_wconf 88' lang='lat' dir='ltr'><strong>superciliis</strong></span> <span class='ocrx_word' id='word_1_333' title='bbox 1961 4626 2031 4674; x_wconf 92' lang='lat' dir='ltr'><strong>non</strong></span> 
     </span>
     <span class='ocr_line' id='line_1_36' title="bbox 478 4718 2031 4821; baseline -0.004 -25"><span class='ocrx_word' id='word_1_334' title='bbox 478 4725 547 4796; x_wconf 84' lang='lat' dir='ltr'><strong>nisi</strong></span> <span class='ocrx_word' id='word_1_335' title='bbox 585 4724 715 4798; x_wconf 89' lang='lat' dir='ltr'><strong>lineola</strong></span> <span class='ocrx_word' id='word_1_336' title='bbox 751 4725 927 4821; x_wconf 87' lang='lat' dir='ltr'><strong>indicatis,</strong></span> <span class='ocrx_word' id='word_1_337' title='bbox 962 4749 1048 4798; x_wconf 90' lang='lat' dir='ltr'><strong>naso</strong></span> <span class='ocrx_word' id='word_1_338' title='bbox 1084 4725 1238 4797; x_wconf 88' lang='lat' dir='ltr'><strong>indicato</strong></span> <span class='ocrx_word' id='word_1_339' title='bbox 1276 4729 1415 4795; x_wconf 88' lang='lat' dir='ltr'><strong>tantum</strong></span> <span class='ocrx_word' id='word_1_340' title='bbox 1441 4722 1497 4794; x_wconf 89' lang='lat' dir='ltr'><strong>vel</strong></span> <span class='ocrx_word' id='word_1_341' title='bbox 1524 4746 1665 4818; x_wconf 92' lang='lat' dir='ltr'><strong>prorsus</strong></span> <span class='ocrx_word' id='word_1_342' title='bbox 1691 4718 1801 4812; x_wconf 93' lang='lat' dir='ltr'><strong>nullo,</strong></span> <span class='ocrx_word' id='word_1_343' title='bbox 1829 4720 1968 4818; x_wconf 88' lang='lat' dir='ltr'><strong>punctis</strong></span> <span class='ocrx_word' id='word_1_344' title='bbox 1993 4719 2031 4790; x_wconf 89' lang='lat' dir='ltr'><strong>in</strong></span> 
     </span>
    </p>
   </div>
   <div class='ocr_carea' id='block_1_9' title="bbox 404 4892 670 4908">
    <p class='ocr_par' dir='ltr' id='par_1_16' title="bbox 404 4892 670 4908">
     <span class='ocr_line' id='line_1_37' title="bbox 404 4892 670 4908; baseline 0.004 -6"><span class='ocrx_word' id='word_1_345' title='bbox 404 4892 670 4908; x_wconf 43' lang='grc' dir='ltr'><strong>ῃ.-</strong></span> 
     </span>
    </p>
   </div>
   <div class='ocr_carea' id='block_1_10' title="bbox 421 4978 911 5147">
    <p class='ocr_par' dir='ltr' id='par_1_17' title="bbox 421 4978 911 5147">
     <span class='ocr_line' id='line_1_38' title="bbox 424 4978 800 5055; baseline 0.003 -20"><span class='ocrx_word' id='word_1_346' title='bbox 424 4981 445 5054; x_wconf 91' lang='lat'><strong>¹)</strong></span> <span class='ocrx_word' id='word_1_347' title='bbox 465 4978 536 5036; x_wconf 85' lang='lat' dir='ltr'><strong>Vide</strong></span> <span class='ocrx_word' id='word_1_348' title='bbox 555 4998 601 5055; x_wconf 81' lang='lat' dir='ltr'><strong>pg.</strong></span> <span class='ocrx_word' id='word_1_349' title='bbox 623 4980 668 5048; x_wconf 85' lang='lat'><strong>13,</strong></span> <span class='ocrx_word' id='word_1_350' title='bbox 688 4997 752 5036; x_wconf 79' lang='lat' dir='ltr'><strong>erin.</strong></span> <span class='ocrx_word' id='word_1_351' title='bbox 773 4982 800 5036; x_wconf 83' lang='lat'><strong>2.</strong></span> 
     </span>
     <span class='ocr_line' id='line_1_39' title="bbox 421 5072 911 5147; baseline -0.01 -15"><span class='ocrx_word' id='word_1_352' title='bbox 421 5074 445 5147; x_wconf 80' lang='lat'><strong>⁸)</strong></span> <span class='ocrx_word' id='word_1_353' title='bbox 464 5073 540 5131; x_wconf 90' lang='lat' dir='ltr'><strong>Mus.</strong></span> <span class='ocrx_word' id='word_1_354' title='bbox 561 5072 746 5147; x_wconf 71' lang='lat' dir='ltr'><strong>Lugdunenses</strong></span> <span class='ocrx_word' id='word_1_355' title='bbox 766 5073 805 5141; x_wconf 89' lang='lat'><strong>11,</strong></span> <span class='ocrx_word' id='word_1_356' title='bbox 828 5074 911 5128; x_wconf 74' lang='lat'><strong>1622.</strong></span> 
     </span>
    </p>
   </div>
   <div class='ocr_carea' id='block_1_11' title="bbox 0 0 2421 6388">
    <p class='ocr_par' dir='ltr' id='par_1_18' title="bbox 0 0 2421 6388">
     <span class='ocr_line' id='line_1_40' title="bbox 0 0 2421 6388; baseline 0 0"><span class='ocrx_word' id='word_1_357' title='bbox 0 0 2421 6388; x_wconf 95' lang='lat' dir='ltr'><strong> </strong></span> 
     </span>
    </p>
   </div>
  </div>
 </body>
</html>
