4808 6390
1174 580 1221 654 30

360 694 410 754 111

370 790 416 860 8c
473 792 559 890 Gap.
588 795 640 889 (et
664 793 810 890 collum)
844 794 1033 894 Gorgonis,
1067 796 1155 892 ling.
1181 796 1285 870 hodie
1310 796 1433 892 beata,
1460 796 1551 870 rictu
1577 820 1733 893 recurvo,
1760 796 1856 870 dent.
1883 797 2024 871 caninis

410 939 413 943 ·
465 932 585 1005 magn.
614 910 741 1008 inaur,
768 912 886 986 cina?
911 912 973 986 III
1001 912 1046 986 ab
1071 921 1220 1010 utraque
1245 921 1335 1012 part.
1361 913 1459 1013 grad.

515 1026 658 1123 Argilla
690 1034 789 1101 cocta
814 1029 917 1104 flava.
955 1029 1001 1102 In
1026 1031 1207 1106 acroterio.
1233 1032 1322 1129 Rep.
1352 1032 1390 1111 in
1414 1030 1490 1104 loco
1517 1029 1621 1103 hodie
1646 1029 1890 1104 Mont'Alcc'nc
1916 1030 2021 1106 dicto.

466 1140 634 1237 Lugduni
656 1144 737 1219 Bar.
763 1145 815 1220 ΙΙ.
842 1148 928 1220 424.
955 1147 1108 1221 Janssen
1135 1147 1362 1225 Terracotten
1387 1153 1453 1221 etc.
1482 1153 1515 1219 te
1540 1146 1673 1219 Leiden
1698 1147 1771 1220 tab.
1788 1149 1822 1219 2.
1837 1149 1871 1222 7.
1888 1146 2020 1241 (male).

366 1253 422 1322 SA
442 1343 443 1346 Ἴ
467 1258 551 1358 Gap.
578 1260 756 1357 Gorgonis
779 1261 884 1359 longe
909 1263 1028 1337 minus
1053 1265 1251 1361 antiquum,
1277 1263 1366 1361 ling.
1392 1287 1479 1360 exa,
1493 1263 1584 1336 rictu
1599 1286 1756 1359 recurvo,
1771 1263 1865 1337 dent.
1882 1264 2021 1340 caninis

465 1400 596 1476 magn,
623 1381 765 1453 inauri
789 1381 878 1455 crin.
904 1381 994 1456 med.
1020 1381 1092 1472 div.
1122 1383 1284 1477 undant,
1313 1389 1525 1459 coronatum
1552 1383 1769 1456 ornamentis
1793 1382 2023 1457 nunclractis

466 1516 548 1567 uam
575 1496 618 1569 de
643 1498 822 1593 anguibus
848 1498 1003 1594 cogitare
1028 1521 1101 1570 non
1128 1499 1255 1572 ausim.

513 1613 657 1709 Argilla
682 1622 791 1690 cocta.
816 1615 1052 1689 Acroterium.
1078 1615 1173 1691 Mus.
1201 1615 1364 1713 Syracus.
1393 1614 1546 1712 Kekule,
1573 1615 1758 1689 Sicilische
1780 1615 2021 1689 Terracotten.

514 1728 611 1803 Huic
636 1731 745 1805 addas
772 1731 877 1805 velim

369 1854 424 1921 8B
468 1842 553 1942 Cap.
585 1846 762 1943 Gorgonis
797 1848 883 1944 ling.
917 1872 1003 1945 exa,
1044 1848 1136 1922 rictu
1162 1847 1267 1944 mod,
1294 1848 1391 1929 dent.
1420 1872 1538 1944 magu.
1566 1854 1719 1943 tantum,
1746 1847 1861 1920 inaur.
1888 1870 2019 1942 magn,

465 1962 553 2036 crin.
581 1964 808 2041 undantibus.

513 2080 559 2153 In
583 2105 671 2155 ansa
695 2083 789 2156 vasis
814 2082 925 2157 aenei.
952 2082 1123 2156 Levezow
1148 2084 1208 2156 22.

367 2192 430 2264 SA
467 2198 554 2297 Gap.
592 2198 780 2296 Gorgonis,
814 2199 902 2296 ling.
935 2224 1010 2275 exa.
1037 2200 1131 2275 dent.
1158 2224 1257 2297 parv.
1285 2206 1387 2296 taut,
1414 2206 1534 2274 mento
1561 2199 1647 2294 div.,
1672 2199 1792 2273 buccis
1815 2197 1903 2294 infl,
1929 2198 2019 2272 ocul.

462 2316 747 2416 despicientibus,
780 2318 870 2391 cino.
907 2318 947 2392 Π
981 2318 1107 2414 ordin,
1133 2317 1331 2392 diademate
1364 2317 1482 2413 cinct,
1508 2315 1597 2389 crin.
1626 2316 1704 2388 defl.
1732 2314 1789 2387 vel
1816 2313 1925 2387 barba
1949 2313 2021 2387 lere

464 2441 506 2508 ut
530 2431 574 2504 2ο
598 2435 691 2531 quod
718 2459 782 2508 sua
808 2435 896 2531 vioe,
922 2435 1049 2534 capitis
1074 2435 1197 2533 forma,
1224 2459 1296 2508 nou
1322 2435 1374 2515 ita
1397 2435 1502 2530 longe
1528 2436 1574 2508 ab
1599 2443 1650 2509 8oe
1674 2435 1786 2508 abest.

509 2551 652 2648 Argilla
676 2559 786 2649 cocta,
812 2552 851 2625 in
875 2552 969 2628 Mus.
996 2551 1274 2626 Panhormitano
1301 2557 1338 2642 1).
1366 2552 1509 2626 Kekule
1533 2551 1718 2626 Sicilisohe
1743 2552 1982 2624 Tenacotten.

511 2669 605 2744 Satis
645 2669 832 2743 dissimilia
856 2669 915 2743 hic
941 2670 1112 2743 coniunxi
1137 2671 1199 2744 sad
1224 2670 1391 2767 quoniam
1418 2670 1591 2766 quaedam
1621 2667 1826 2764 similitudo,
1865 2689 2020 2764 praeser-

461 2785 526 2860 tim
559 2787 597 2860 in
633 2811 693 2860 ore
728 2794 764 2861 et
797 2787 918 2860 buccis
954 2787 1067 2860 inesse
1091 2786 1288 2886 videbatur,
1314 2785 1425 2868 malni
1451 2786 1618 2859 maiorem
1643 2785 1746 2882 quasi
1771 2791 1913 2880 gentem
1939 2807 2021 2859 con·

459 2904 604 2978 stituere
639 2928 744 3001 quam
773 2903 944 3001 plurimas
969 2903 1123 2978 familias
1150 2928 1298 3001 quarum
1324 2903 1467 3001 singula
1492 2912 1632 2978 tantum
1657 2903 1820 3000 exempla
1837 2902 2018 2976 haberem.

458 3020 526 3096 Sed
565 3028 662 3096 aetas
688 3045 827 3118 quoque
865 3020 952 3095 satis
989 3021 1129 3095 diversa
1161 3028 1215 3094 est
1252 3045 1337 3099 nam
1374 3022 1468 3095 inter
1503 3027 1585 3094 cet
1611 3024 1643 3089 A
1668 3019 1809 3114 longius
1835 3018 2019 3092 intercedit

457 3140 697 3215 intervallum.
736 3141 790 3214 De
816 3146 930 3214 aetate
954 3163 1001 3214 ex
1024 3139 1180 3214 externis
1206 3137 1347 3217 indiciis
1370 3137 1443 3212 fere
1468 3137 1560 3210 nihil
1587 3143 1736 3232 constat,
1762 3134 1853 3208 illud
1877 3141 2017 3209 tantum

459 3256 671 3331 concedatur
697 3280 836 3330 necesse
861 3262 925 3352 est,
950 3278 1023 3329 non
1048 3262 1132 3329 ante
1157 3255 1299 3339 initium
1324 3254 1434 3329 seculi
1459 3254 1526 3343 VI,
1553 3253 1695 3328 Selinus
1721 3253 1816 3326 enim
1835 3275 1930 3325 anno
1945 3253 2016 3325 628

461 3372 604 3447 condita
628 3379 692 3470 est,
719 3398 745 3442 α
771 3373 950 3471 sculptum
976 3396 1051 3446 esse
1076 3397 1188 3472 posse.
1239 3374 1356 3472 Caput
1377 3385 1497 3447 autem
1521 3372 1588 3445 hoc
1613 3371 1783 3445 libentius
1808 3394 1881 3443 non
1906 3371 2018 3444 multo

459 3498 542 3564 ante
576 3491 731 3565 medium
768 3490 926 3565 seculum
963 3490 1020 3564 VI
1059 3515 1134 3565 esse
1168 3492 1384 3587 crediderim,
1412 3492 1489 3565 eius
1515 3490 1611 3564 enim
1637 3491 1725 3563 artis
1750 3488 1912 3586 exempla
1936 3495 2019 3563 ante

458 3607 613 3680 medium
642 3607 800 3681 seculum
826 3607 996 3682 desidero.
1024 3606 1117 3696 Quid
1144 3608 1174 3680 si
1200 3608 1335 3715 priscae
1360 3607 1586 3704 antiquitatis
1611 3607 1744 3680 indicia
1757 3629 1847 3702 quae
1860 3613 2018 3705 metopae

458 3722 542 3796 illae
580 3723 746 3797 exhibere
783 3723 951 3797 dicuntur
976 3747 1049 3796 nou
1074 3730 1215 3802 tantum
1239 3721 1411 3796 infantiae
1435 3724 1522 3796 artis
1548 3724 1769 3797 debeantur?
1797 3722 2017 3819 Rectissime,

459 3841 498 3914 ni
536 3841 651 3938 fallor,
690 3842 761 3914 iam
800 3840 1000 3915 observavit
1037 3841 1093 3913 vir
1130 3839 1174 3917 cl.
1210 3840 1403 3936 Benndorl,
1438 3840 1554 3938 ipsum
1582 3841 1671 3915 illud
1697 3848 1803 3938 caput
1829 3840 2017 3935 Gorgonis,

461 3959 586 4032 ceteris
627 3959 804 4056 capitibus
843 3959 882 4032 in
920 3959 1071 4056 meropis
1108 3959 1213 4057 longe
1237 3959 1484 4056 praestantius,
1513 3959 1589 4032 sine
1614 3958 1722 4032 dubio
1749 3957 1793 4031 ad
1818 3957 2017 4054 exemplum

460 4098 534 4149 esse
573 4074 716 4149 factum.
773 4074 843 4164 Qui
880 4075 971 4149 illud
1009 4076 1119 4171 igitur
1159 4075 1359 4173 exemplum
1394 4074 1488 4172 lecit,
1514 4074 1647 4148 artifice
1672 4072 1872 4149 Selinuntio
1897 4095 2018 4145 neces·

457 4191 550 4263 sario
576 4190 720 4289 peritior
744 4190 824 4266 luit.

512 4307 570 4380 Ex
595 4307 714 4380 eodem
742 4307 815 4381 fere
841 4314 995 4404 tempore
1019 4314 1156 4383 statuae
1169 4308 1258 4381 duae
1271 4307 1434 4405 Cypriae,
1450 4307 1656 4402 Gorgonum
1670 4305 1847 4403 capitibus
1860 4312 2016 4402 ornatae,

461 4446 535 4497 esse
560 4423 737 4499 videntur.

509 4540 601 4614 (lum
653 4541 751 4616 enim
787 4542 1009 4639 Aegyptiace
1047 4550 1175 4617 ornatu
1209 4544 1356 4617 vestitae
1395 4542 1479 4639 sint,
1517 4567 1537 4616 e
1571 4550 1726 4639 tempore
1767 4537 2018 4612 dominationis

459 4657 703 4755 Aegyptiacae
730 4683 805 4732 esse
832 4659 1010 4754 videntur,
1037 4660 1130 4754 quod
1156 4659 1186 4731 si
1211 4660 1411 4732 accuratius
1434 4657 1572 4732 definiri
1597 4655 1711 4729 adhuc
1729 4662 1890 4751 nequeat,
1909 4677 2017 4748 regno

459 4779 578 4846 tamen
606 4775 762 4860 Amasis,
791 4776 914 4872 primis
938 4776 1191 4875 postremisque
1216 4775 1321 4848 annis
1346 4775 1504 4849 deductis
1530 4772 1752 4870 aequandum
1778 4771 1929 4844 videtur.
1957 4771 2016 4845 Ab

460 4913 555 4963 anno
579 4891 689 4986 igitur
714 4893 855 4966 circiter
882 4895 954 4967 560
980 4892 1025 4966 ad
1050 4916 1184 4967 aunum
1210 4892 1281 4966 fere
1308 4895 1379 4965 525
1406 4893 1559 4966 duravit.

402 5139 428 5218 ¹)
447 5139 720 5220 Photcgraphematc
740 5144 784 5203 uti
803 5144 883 5204 licuit
902 5143 954 5204 viri
972 5144 1135 5206 amicissimi
1154 5143 1227 5204 doct.
1246 5144 1283 5204 U.
1303 5144 1336 5204 P.
1356 5143 1526 5204 Boisserain.
