4898 6420
1203 577 1250 648 60

391 687 439 747 ΙΙΙ

487 787 521 859 d.
556 786 658 881 galea
692 787 814 861 Attica
854 813 880 862 s.
920 789 1060 863 hastam
1099 797 1223 863 tenens
1258 796 1293 863 et
1332 790 1589 864 Andromeda?
1626 792 1660 862 d.
1694 799 1873 888 coronata,
1899 790 2048 890 rupibus

488 902 646 977 insidens
673 905 712 977 in
740 905 870 1001 quibus
896 906 1001 979 arbor
1026 913 1195 980 emortua.
1247 906 1293 978 In
1318 907 1429 980 altera
1454 915 1554 1004 parta
1581 910 1753 982 crateris:

413 1019 431 1091 P
490 1022 534 1093 12
571 1021 754 1117 Gorgones
797 1023 866 1095 duo
906 1023 1117 1120 gradientes,
1155 1023 1222 1097 alis
1260 1025 1376 1119 reotis,
1403 1025 1526 1098 tunica
1552 1026 1662 1121 brevi,
1690 1026 1855 1100 manibus
1882 1033 2050 1100 terrorem

487 1137 740 1236 significantes,
781 1140 867 1234 ling.
908 1165 998 1237 exs,
1036 1141 1132 1215 dent.
1173 1166 1285 1239 paru,
1324 1141 1417 1214 riotu
1456 1143 1543 1215 satis
1568 1143 1653 1228 lato,
1680 1143 1769 1217 erin.
1797 1150 1919 1216 ornate
1945 1143 2048 1241 disp,

485 1252 632 1327 alterius
658 1255 752 1330 diad.
781 1262 807 1347 1)
833 1255 958 1355 oinot.;
994 1257 1087 1330 inter
1120 1282 1179 1331 aas
1212 1258 1402 1355 Neptunus
1435 1258 1481 1354 d.,
1510 1260 1691 1356 barbatus,
1718 1260 1753 1333 d.
1782 1261 1972 1334 tridentem
1999 1267 2050 1333 te·

484 1391 594 1454 nens3
622 1371 665 1444 ad
693 1394 721 1445 s.
748 1373 877 1446 mulier
902 1372 936 1446 d.

522 1485 584 1672 bIn
621 1486 714 1560 Mus.
756 1487 903 1582 Biscari,
931 1488 1099 1564 Catenae.
1126 1490 1247 1563 Mittin
1272 1488 1387 1563 Vases
1412 1493 1501 1565 Ant.
1529 1490 1568 1564 II
1596 1494 1666 1567 tab.
1695 1495 1717 1564 3
1744 1500 1779 1566 et
1804 1495 1850 1590 43
1877 1494 2049 1568 Ievezow

484 1605 557 1672 ta.
586 1604 619 1675 3.
649 1605 808 1679 29-31.

1109 1852 1232 1907 annus
1258 1833 1326 1907 IV.

533 2064 677 2138 Novum
703 2090 814 2160 genus
840 2064 1051 2138 ordiendum
1077 2064 1217 2137 ridetur
1240 2090 1262 2139 a
1289 2071 1418 2138 statere
1444 2090 1488 2138 ex
1514 2064 1654 2161 eleotro,
1681 2066 1743 2162 qui
1771 2065 1867 2139 fama
1892 2065 2046 2162 quadam

483 2181 587 2255 hodie
614 2183 745 2255 fruitur
770 2183 870 2279 quasi
898 2182 1187 2278 antiquissimum
1214 2190 1321 2280 eaput
1348 2182 1525 2278 Gorgonis
1538 2183 1732 2259 exhiberet.
1760 2183 1885 2279 Neque
1900 2183 2048 2257 fortasse

482 2299 536 2372 illi
574 2300 634 2396 qni
674 2324 745 2373 non
779 2300 848 2372 nisi
874 2306 982 2397 eaput
1007 2299 1098 2372 illud
1124 2300 1289 2372 viderunt
1313 2301 1457 2372 omnino
1484 2300 1706 2397 vituperandi
1735 2306 1831 2394 sunt,
1858 2299 2047 2372 admodum

481 2416 576 2490 enim
603 2417 690 2489 rude
716 2416 865 2489 ridetur.
922 2416 1056 2490 Verum
1083 2441 1164 2490 area
1190 2418 1314 2490 inausa
1336 2416 1491 2490 flosculis
1519 2423 1654 2512 ornata,
1693 2417 1732 2488 in
1760 2439 1905 2488 nummo
1928 2415 2047 2489 minua

486 2534 642 2630 globoso,
678 2535 795 2607 minus
822 2535 973 2630 prisoam
1007 2534 1259 2629 antiquitatem
1284 2535 1412 2632 prodit,
1439 2559 1553 2631 neque
1578 2535 1702 2608 dubito
1726 2534 1814 2630 quin
1840 2534 1899 2607 hio
1925 2533 2046 2608 vultus

488 2674 560 2723 non
587 2652 684 2724 rudis
711 2651 770 2724 sed
796 2650 943 2723 horrens
970 2652 1087 2747 potins
1113 2651 1160 2723 sit
1185 2651 1354 2724 dicendus
1380 2658 1415 2725 et
1441 2652 1512 2724 iam
1537 2651 1634 2746 artis,
1663 2674 1753 2745 qnae
1778 2649 1949 2747 propositi
1977 2650 2046 2724 sibi

488 2771 630 2842 oonsoia
656 2776 757 2866 esset,
785 2769 1027 2842 testimonium
1053 2792 1137 2865 prae
1163 2792 1200 2840 se
1225 2768 1325 2842 ferat.

532 2889 578 2960 In
606 2913 676 2984 qua
700 2888 786 2960 urbe
812 2911 918 2959 ousus
945 2886 994 2958 sit
1019 2887 1155 2981 ignoro.
1181 2886 1283 2958 Head
1310 2887 1386 2982 (ΒΓ.
1415 2887 1508 2960 Mus.
1523 2885 1601 2958 Cat.
1617 2884 1656 2957 oi
1668 2885 1787 2959 Gentr.
1805 2885 1868 2958 Gr.
1884 2910 1941 2982 pg.
1959 2886 2045 2982 LII)

482 3032 562 3080 eum
600 3007 760 3079 Eretriae
796 3006 878 3078 dare
916 3005 1107 3103 proposuit,
1147 3003 1240 3100 quod
1280 3005 1310 3077 si
1346 3029 1408 3102 per
1438 3004 1576 3102 pondus
1603 3011 1649 3094 et,
1677 3006 1871 3078 seeundum
1897 3029 1978 3078 eum
2005 3029 2046 3078 ao

482 3124 582 3219 alios,
622 3149 683 3221 per
722 3129 847 3221 typum
886 3122 1073 3195 adversum
1111 3121 1244 3216 lioeret,
1279 3146 1341 3219 per
1380 3122 1518 3219 pondus
1558 3126 1678 3193 tamen
1716 3145 1858 3194 neeesse
1883 3145 1955 3194 non
1980 3128 2045 3217 est,

483 3265 545 3340 per
582 3248 693 3313 artem
729 3238 913 3337 probabile
947 3262 1020 3310 non
1054 3237 1205 3331 videtur,
1249 3262 1312 3333 per
1353 3243 1562 3310 ornamenta
1607 3238 1724 3310 incusi
1751 3238 1813 3309 rix
1839 3237 1934 3311 licet.
1987 3238 2045 3310 Ad

485 3358 572 3432 haee
611 3359 771 3456 proxime
810 3357 945 3430 aooedit
987 3379 1099 3427 unum
1137 3379 1182 3426 ex
1221 3355 1336 3426 tribus
1374 3355 1470 3452 typis
1508 3353 1642 3426 inousis
1668 3354 1707 3426 in
1733 3378 1879 3427 nummo
1905 3355 2045 3428 Milesio

480 3477 601 3550 itidem
628 3502 672 3549 ex
698 3476 825 3548 electro
852 3474 960 3567 (Mus.
988 3472 1078 3545 Brit.
1106 3472 1215 3544 Num.
1243 3471 1375 3545 Chron.
1405 3473 1499 3546 1875
1527 3472 1599 3544 tab.
1626 3471 1736 3545 VIII.
1767 3474 1815 3563 4).
1843 3472 2043 3562 Quominus

481 3594 605 3666 Mileto
643 3601 762 3664 tamen
796 3591 893 3663 huno
928 3590 1154 3685 adsignemus
1190 3589 1327 3686 pondus
1362 3613 1426 3662 nos
1461 3589 1646 3686 prohibere
1671 3589 1820 3662 ridetur.
1863 3589 2046 3662 Goniioers

481 3733 615 3805 nequeo
650 3709 778 3803 quibus
815 3706 952 3779 nitatur
986 3704 1204 3799 argumentis
1242 3704 1297 3775 vir
1323 3705 1366 3777 ol.
1396 3704 1559 3778 Gardner
1584 3705 1717 3802 (Types
1744 3704 1817 3778 tab.
1845 3707 1879 3778 4.
1909 3709 1957 3801 5),
1985 3705 2045 3801 qui

483 3833 588 3922 eaput
614 3825 704 3897 illud
731 3823 908 3918 Gorgonis
933 3846 1009 3894 esse
1034 3821 1228 3916 negaverit,
1256 3846 1441 3893 nummum
1468 3829 1585 3894 tamen
1611 3822 1717 3894 Pario
1743 3821 1917 3917 adsignet.
1957 3823 2045 3895 Eius

482 3943 580 4015 urbis
619 3964 781 4012 nummos
813 3938 1029 4034 antiquiores
1065 3961 1136 4009 non
1163 3939 1258 4010 novi.
1285 3938 1424 4010 Dubius
1450 3938 1560 4033 igitur
1584 3938 1721 4033 haereo,
1749 3962 1831 4010 nam
1857 3937 1900 4011 de
1925 3937 2040 4033 Selga,

482 4060 581 4133 ouius
629 4057 809 4154 exemplar
850 4058 868 4128 1
909 4055 1126 4128 levissimam
1164 4055 1370 4128 affinitatem
1413 4056 1576 4153 quadrati
1614 4056 1729 4129 inousi
1772 4056 1896 4130 offerre
1933 4057 2045 4154 possit

483 4175 605 4271 videri,
632 4175 785 4269 cogitare
810 4172 952 4246 omnino
978 4196 1050 4244 non
1075 4171 1200 4245 ausim.

483 4294 569 4391 Cap.
609 4292 785 4386 Gorgonis
822 4289 1009 4384 tumidum,
1047 4288 1134 4383 ling.
1176 4313 1249 4361 exs.
1290 4297 1468 4388 (eotypnm
1506 4295 1588 4363 ante
1624 4290 1744 4364 oeulos
1777 4289 1890 4364 habeo
1914 4291 1976 4387 qui
2002 4292 2044 4363 de

480 4413 625 4487 artificis
663 4409 841 4508 proposito
880 4407 1017 4480 nullam
1057 4406 1315 4480 dubitationem
1353 4408 1535 4505 relinquit.
1585 4409 1639 4483 cf.
1676 4410 1789 4505 Iao),
1823 4434 1882 4483 ore
1925 4418 2044 4483 tannen

482 4527 613 4623 clauso,
647 4527 739 4599 rictu
775 4547 904 4619 magno
939 4523 1081 4618 angulis
1116 4523 1263 4620 paulum
1297 4524 1469 4621 demissis,
1504 4526 1624 4598 bucois
1656 4527 1793 4621 magnis
1836 4526 1926 4622 infl.,
1952 4526 2042 4600 ooul.

481 4667 592 4740 parv,
619 4666 753 4738 supero.
780 4665 911 4736 magn,
938 4665 1013 4712 aur.
1039 4664 1171 4734 magn,
1200 4640 1314 4712 fronte
1341 4641 1453 4738 nulla,
1480 4641 1581 4715 oirris
1608 4642 1671 4715 III
1698 4643 1892 4717 ordinibus.

482 4759 514 4852 )(
539 4758 795 4831 Ornamentum
822 4780 841 4828 e
866 4762 1033 4852 quattuor
1057 4755 1228 4829 floribus?
1253 4757 1459 4842 consistens,
1486 4757 1525 4829 in
1550 4781 1633 4830 area
1659 4757 1794 4831 inausa.

421 5045 442 5118 ι)
481 5042 558 5101 Lieet
594 5042 648 5102 boo
677 5043 834 5104 diademate
863 5052 954 5105 eareat
984 5046 1080 5105 tabula
1112 5047 1187 5123 apud
1206 5046 1412 5105 d'HanoarrilIe
1432 5054 1459 5106 et
1480 5047 1572 5123 imago
1592 5065 1649 5124 qua
1669 5064 1737 5103 usus
1757 5051 1799 5103 est
1820 5046 1960 5114 berezow,
1982 5061 2038 5101 non

380 5141 474 5196 temen
503 5135 574 5195 mihi
593 5138 746 5215 persuadeo
764 5138 836 5198 illud
856 5140 972 5199 omnino
991 5159 1135 5219 nunqnam
1154 5140 1302 5212 exstitisse,
1323 5140 1439 5217 vestigia
1460 5148 1571 5200 tantum
1590 5158 1731 5218 superesse
1751 5139 1847 5216 potius
1867 5135 2042 5197 crediderim.
