4808 6390
1367 480 1389 550 2

594 693 647 766 De
672 690 837 788 temporis
863 690 1066 766 definitione
1091 694 1194 789 longe
1220 692 1324 766 aliter
1348 696 1461 768 sentio
1487 720 1600 792 neque
1625 697 1817 792 quidquam
1839 695 2019 770 lubentius
2033 697 2204 793 fecissem,

543 836 651 909 quam
677 817 717 883 ut
742 811 780 882 in
807 809 969 883 omuibus
991 811 1252 909 exemplaribus
1278 810 1428 885 aliorum
1451 814 1667 905 argumentis
1691 821 1726 886 et
1738 815 1946 887 auctoritate
1960 822 2086 889 uterer.
2115 816 2206 890 Oum

546 928 641 1002 enim
667 926 828 1022 exempla
854 949 874 998 e
899 925 1047 999 diversis
1071 927 1158 1001 artis
1186 927 1390 1021 regionibus
1415 930 1521 1003 certis
1547 930 1651 1002 annis
1676 929 1895 1025 adsignanda
1921 932 2205 1003 essentnondum

544 1070 623 1142 ego,
649 1046 710 1141 qui
738 1068 851 1117 novus
877 1044 920 1116 ad
950 1044 1037 1117 haec
1063 1045 1181 1118 studia
1206 1046 1401 1144 aggredior,
1428 1069 1566 1120 omnem
1593 1048 1776 1121 materiam
1802 1049 1965 1146 amplecti
1991 1049 2100 1146 potui.

597 1161 693 1235 Raro
718 1167 837 1233 tamen
864 1161 971 1232 etiam
998 1161 1036 1232 in
1061 1161 1129 1234 hac
1155 1185 1193 1234 re
1217 1160 1369 1235 aliorum
1395 1164 1580 1237 sententiis
1605 1188 1691 1237 usus
1717 1188 1806 1258 sum,
1834 1166 1962 1261 partim
1988 1171 2080 1238 certe
2105 1167 2206 1261 igno·

548 1279 695 1373 ratione,
732 1277 861 1375 partim
888 1284 1007 1349 tamen
1033 1277 1125 1374 quod
1152 1302 1254 1376 saepe
1280 1285 1390 1365 aetas,
1417 1303 1525 1374 quam
1550 1280 1618 1353 viri
1642 1279 1735 1353 docti
1760 1279 1921 1379 exemplo
1948 1281 2086 1354 cuidam
2112 1282 2203 1355 adsi·

547 1395 717 1491 gnabant,
744 1418 824 1467 cum
850 1407 1004 1490 tempore
1028 1418 1050 1466 a
1075 1418 1130 1466 me
1155 1418 1200 1467 ex
1226 1394 1307 1467 aliis
1333 1401 1534 1491 computato
1560 1419 1631 1468 non
1657 1395 1863 1490 quadrabat.
1895 1397 1963 1470 Ubi
1989 1396 2055 1469 hoc
2072 1397 2204 1470 factum

548 1520 603 1585 est
639 1511 817 1583 interdum
852 1533 910 1583 eos
949 1509 1101 1583 breviter
1138 1510 1345 1604 redarguere
1380 1518 1526 1584 conatus
1553 1536 1642 1607 sum,
1670 1511 1846 1584 interdum
1871 1513 1957 1585 meis
1984 1513 2202 1607 argumentis

547 1629 784 1702 defensionem
819 1652 920 1700 suam
953 1627 1092 1724 reliqui.
1142 1627 1355 1724 Plerumque
1391 1653 1454 1724 ego
1490 1629 1551 1702 ubi
1577 1630 1620 1702 de
1645 1636 1758 1703 aetate
1784 1630 1994 1727 exemplaris
2021 1631 2205 1704 cuiusdam

547 1746 691 1820 abillis
718 1745 981 1841 dissentiebam,
1010 1752 1133 1842 typum
1161 1744 1264 1816 illum
1290 1746 1474 1818 recentiori
1500 1770 1586 1818 aevo
1612 1746 1770 1819 attribui.
1798 1746 1963 1818 Numnris
1979 1747 2202 1842 potissimum

546 1863 590 1935 ad
618 1862 783 1959 temporis
809 1860 1050 1932 definitionem
1078 1884 1163 1932 usus
1190 1885 1280 1956 sum,
1306 1867 1342 1934 et
1366 1862 1450 1957 quia
1476 1862 1579 1956 longe
1605 1864 1797 1935 maximum
1826 1863 2065 1960 exemplorum
2081 1888 2203 1935 nume·

549 2004 627 2053 rum
665 1979 911 2076 praebuerunt,
952 1986 987 2049 et
1012 1979 1116 2073 quod,
1143 1979 1181 2050 in
1208 1978 1384 2051 uberrima
1410 1980 1566 2074 materia,
1595 1980 1704 2076 copiis
1730 1987 1765 2051 et
1790 1979 1964 2051 ditissima
1988 1979 2204 2053 bibliotheca

548 2096 670 2195 patris,
700 2092 913 2167 liberalitato
938 2094 1008 2166 riri
1034 2094 1124 2167 doct.
1152 2093 1461 2189 Imhool·Blumer,
1488 2095 1549 2191 qui
1576 2120 1620 2167 ex
1633 2094 1916 2193 locupletissimis
1932 2095 2005 2167 suis
2020 2120 2204 2168 nummum

548 2218 584 2287 et
608 2221 811 2309 ectyporum
838 2210 977 2283 scriniis
1002 2209 1146 2303 largiter
1171 2211 1300 2306 hausit,
1316 2212 1582 2284 etabuuduntia
1599 2212 1780 2284 thensauri
1797 2212 2035 2284 Bibliothecae
2054 2214 2205 2287 Franco·

545 2329 660 2426 gallae
697 2352 781 2402 usus
808 2352 897 2422 sum,
925 2333 960 2400 et
986 2327 1078 2422 quod
1104 2326 1292 2421 interdum,
1321 2328 1449 2400 certius
1476 2353 1581 2424 quam
1607 2328 1678 2401 alia
1704 2334 1942 2423 monumenta,
1970 2328 2073 2401 certis
2099 2331 2204 2402 aunis

546 2447 725 2542 adsignari
764 2452 921 2541 possunt.
973 2443 1155 2516 Interdum
1199 2444 1276 2516 dico
1303 2469 1384 2516 nam
1423 2446 1569 2518 adversa
1605 2445 1746 2517 fortuna
1772 2445 1903 2518 lactum
1930 2451 1983 2517 cst
2009 2453 2048 2517 ut
2074 2471 2204 2541 magna

547 2587 627 2662 pars
661 2568 724 2635 aut
762 2563 860 2657 prius
887 2560 1090 2633 coniectura
1115 2561 1199 2634 huic
1225 2560 1324 2634 illive
1349 2562 1429 2634 urbi
1454 2560 1673 2656 adsignanda
1699 2568 1801 2657 osset,
1829 2569 1891 2634 aut
1916 2562 2061 2634 omnino
2090 2571 2204 2635 certae

546 2681 684 2754 civitati
723 2678 870 2751 attribui
898 2702 968 2750 non
995 2679 1158 2774 potuerit.

598 2798 636 2870 Si
662 2820 790 2890 magua
816 2802 980 2892 typorum
997 2794 1149 2866 varietas
1168 2794 1223 2865 his
1237 2796 1362 2868 studiis
1376 2794 1642 2868 delectationem
1652 2795 1784 2890 attulit,
1803 2795 1887 2868 lacit
1900 2802 1935 2868 et
1949 2796 2202 2869 difficultatem.

547 2915 630 2989 Non
664 2914 759 2987 enim
793 2921 834 2985 ut
869 2911 1108 3009 suspicareris
1143 2912 1331 2985 varietates
1366 2935 1486 2984 omues
1521 2912 1566 2984 ad
1602 2936 1821 2985 communem
1846 2913 2018 3007 originem
2043 2914 2204 3008 indagari

547 3035 696 3128 possunt
722 3052 803 3100 nam
830 3027 951 3099 eadem
979 3026 1036 3099 vel
1062 3027 1175 3099 maior
1201 3034 1255 3099 est
1279 3027 1504 3124 antiquitatis
1530 3030 1681 3102 varietas
1708 3053 1814 3124 quam
1840 3029 1978 3102 serioris
2003 3030 2092 3101 aeri.

598 3147 721 3243 Neque
754 3144 867 3239 magis
907 3150 1020 3216 totum
1055 3168 1180 3242 corpus
1220 3145 1416 3241 imaginum
1463 3146 1585 3219 ordine
1617 3147 1826 3243 dispositum
1862 3147 2056 3243 comparari
2091 3153 2205 3243 potest

547 3288 628 3337 cum
654 3286 756 3361 opere
781 3261 909 3356 textili,
937 3262 975 3333 in
1001 3285 1070 3357 quo
1096 3262 1303 3357 subtegmen
1329 3269 1478 3361 tempus,
1505 3264 1629 3361 stirpes
1655 3263 1809 3336 stamina
1834 3270 1960 3335 essent.

597 3380 651 3453 De
688 3378 817 3476 populo
857 3377 975 3476 potius
1015 3379 1241 3472 cogitandum
1282 3380 1383 3452 ouius
1418 3386 1552 3476 gentes,
1579 3380 1729 3453 conubio
1754 3380 1906 3475 iunctae,
1934 3380 2062 3478 partim
2090 3381 2205 3452 extin-

547 3502 717 3592 guuntur,
752 3518 797 3566 ex
831 3501 930 3590 parte
967 3518 1076 3566 novas
1115 3503 1300 3592 procreant
1324 3503 1456 3591 gentes,
1496 3521 1689 3592 quaecum
1717 3497 2204 3594 uomineantiquopaterno

548 3613 670 3688 matris
704 3612 826 3683 vultus
860 3611 918 3682 vel
951 3634 1066 3682 mores
1091 3610 1141 3682 ita
1166 3613 1417 3685 coniunxerint
1441 3620 1482 3685 ut
1507 3612 1685 3686 dubitares
1712 3613 1896 3686 cuiusnam
1923 3613 2042 3710 stirpis
2068 3636 2127 3686 eos
2153 3636 2206 3685 re·

548 3754 631 3803 vera
656 3752 730 3801 esse
755 3728 898 3799 dixeris.

597 3848 720 3944 Neque
761 3871 802 3919 ea
842 3869 896 3918 res
932 3870 1144 3944 magnopere
1177 3848 1338 3921 miranda
1375 3858 1438 3922 est.
1490 3849 1603 3922 Prisci
1643 3848 1700 3921 illi
1739 3847 1901 3943 artifices,
1940 3848 2000 3943 qui
2028 3872 2139 3944 neque
2164 3848 2203 3920 in

547 3965 713 4039 humanis
746 3963 921 4062 capitibus
955 3986 1075 4035 omnes
1109 3964 1256 4036 eandem
1280 3989 1439 4039 normam
1465 3967 1575 4039 secuti
1613 3974 1707 4062 sunt,
1742 3965 1799 4038 vel
1824 3966 1870 4038 ab
1896 3965 1976 4038 aliis
2002 3965 2107 4060 docti,
2135 3964 2203 4060 vel,

549 4081 642 4179 quod
675 4103 747 4152 non
781 4078 884 4151 facile
918 4079 1133 4175 crediderim,
1174 4103 1238 4152 sua
1270 4088 1404 4178 sponte,
1439 4082 1612 4155 horrenda
1646 4082 1714 4155 sibi
1748 4089 1907 4154 monstra
1941 4080 2101 4154 facienda
2128 4105 2206 4178 pro·

549 4202 750 4295 posuerunt.
778 4195 878 4267 Inter
904 4193 975 4266 alia
1001 4192 1184 4266 finxerunt
1207 4202 1332 4292 caput:

689 4313 852 4407 ,Magnis
877 4310 991 4405 malis,
1018 4312 1088 4383 late
1113 4311 1306 4409 dehiscens,
1333 4313 1512 4409 ingentem
1536 4313 1693 4386 dentibu’
1721 4314 1876 4386 sdnitum
1901 4314 2006 4388 edens
2028 4317 2066 4410 l),

547 4433 607 4506 sed
640 4432 699 4504 hic
732 4431 822 4503 illud
855 4430 946 4502 rictu
980 4428 1063 4524 lato,
1104 4429 1165 4503 ille
1189 4430 1274 4520 alto,
1299 4430 1358 4504 hic
1386 4430 1496 4504 oculis
1520 4431 1651 4529 parvis,
1677 4429 1739 4503 ille
1764 4432 1914 4527 magnis,
1942 4432 2067 4504 tertius
2093 4432 2205 4505 denti-

547 4550 612 4623 bus
639 4573 709 4622 000
736 4547 858 4620 multis
884 4554 1025 4620 tantum
1050 4547 1110 4620 sed
1136 4550 1338 4644 permagnis
1363 4548 1544 4645 aprugnis,
1570 4546 1675 4620 multi
1701 4547 1859 4620 crinibus
1885 4547 1988 4620 solito
2003 4547 2205 4643 aequalium

548 4691 654 4762 more,
692 4665 795 4763 pauci
837 4664 1062 4738 horrentibus
1088 4664 1256 4763 lecerunt,
1295 4666 1431 4762 deinde,
1457 4691 1520 4763 pro
1546 4672 1674 4739 natura
1699 4665 1749 4738 rei
1776 4688 1865 4761 quae
1895 4664 2021 4759 cuique
2047 4664 2206 4737 ornanda

584 4938 606 5010 ¹)
625 4933 701 4993 Talis
729 4950 823 4991 versus
851 4933 938 4991 latere
965 4933 1074 4991 videtur
1101 4933 1131 4991 in
1161 4932 1251 4991 verbis
1279 4932 1382 5009 quibus
1401 4934 1499 4992 Festus
1519 4935 1553 5008 (a.
1573 4937 1612 5009 v.)
1634 4933 1807 4993 Mauduoum
1826 4932 1974 4993 describit:
1994 4931 2102 5010 magnis
2121 4933 2204 4992 malis

544 5050 576 5090 00
595 5032 649 5089 lats
669 5027 814 5088 dehiscens
834 5033 863 5086 et
882 5029 1024 5106 ingentem
1044 5027 1175 5086 dentibus
1194 5027 1317 5086 sonitum
1336 5028 1448 5087 faciens.
