4808 6390
600 721 651 782 111

601 2324 656 2412 Μ,

598 3028 651 3112 60.

598 3724 659 3793 „..

1404 607 1452 680 22

701 826 737 892 et
769 841 855 892 naso
888 817 1069 916 proximis,
1104 840 1180 892 aur.
1214 840 1326 915 parv,
1359 818 1447 892 crin.
1484 840 1588 916 saepe
1613 819 1698 914 div,
1734 819 1827 893 binis
1852 820 1897 892 ab
1924 825 1993 893 utr.
2019 824 2118 916 parte
2142 822 2254 917 grad,

702 935 765 1010 lin.
793 934 933 1033 seriptis
958 933 1018 1008 hio
1043 941 1079 1007 et
1104 930 1179 1007 illio
1202 934 1368 1008 divisum.
1828 959 1831 962 >

750 1051 798 1125 AE
823 1052 1012 1138 crolum
1039 1049 1223 1124 Caelatum
1249 1057 1284 1123 et
1309 1050 1373 1125 lin.
1399 1075 1467 1124 aer.
1491 1051 1531 1123 in
1556 1074 1694 1125 summa
1710 1051 1736 1142 ¹)
1762 1075 1874 1149 ocrea,
1900 1053 1938 1126 in
1964 1053 2065 1127 cuius
2090 1053 2254 1129 inferiore

701 1175 801 1266 parte
825 1174 896 1241 tres
920 1189 1054 1262 angues
1079 1167 1185 1240 erecti
1211 1166 1348 1241 barbati
1374 1166 1525 1263 hiantes,
1552 1165 1591 1239 in
1617 1167 1711 1241 Mus.
1739 1168 2014 1243 Caroliruhensi.

750 1283 909 1357 Tertium
946 1282 1199 1380 parvulum'in
1224 1291 1403 1357 armatura
1427 1282 1554 1356 frontis
1578 1283 1659 1379 equi
1684 1282 1858 1359 caelatum
1886 1294 1939 1358 est
1963 1284 2064 1358 cuius
2089 1291 2254 1382 eotypum

701 1421 872 1496 gypseum
899 1422 972 1472 non
997 1398 1109 1472 habeo
1136 1402 1176 1492 2).

749 1514 829 1589 Duo
865 1514 952 1588 haee
988 1515 1115 1611 capita,
1155 1538 1228 1587 una
1265 1513 1413 1587 fortasse
1447 1539 1567 1613 manu,
1592 1516 1712 1590 eodem
1738 1523 1829 1590 certe
1855 1523 2009 1614 tempore
2034 1517 2141 1613 facta,
2168 1518 2253 1590 satis

700 1639 818 1705 tamen
856 1632 996 1706 diversa
1034 1630 1126 1728 quod
1165 1630 1210 1703 ad
1252 1630 1411 1725 singulas
1437 1638 1553 1729 partes
1577 1633 1724 1730 adtinet,
1750 1641 1824 1708 toto
1851 1640 1968 1707 tamen
1994 1642 2182 1733 conspeetu
2208 1638 2253 1709 si-

700 1747 799 1820 milia
837 1749 931 1821 inter
956 1771 993 1821 se
1018 1754 1054 1820 et
1079 1747 1234 1820 nummis
1259 1770 1366 1843 supra
1391 1748 1602 1843 memoratis,
1628 1749 1774 1845 siquae
1799 1749 1958 1823 alienos
1984 1750 2111 1823 docent
2135 1750 2252 1847 ipsum

697 1862 801 1936 illum
838 1870 1063 1960 conspectum
1102 1863 1163 1958 qui
1187 1862 1304 1936 verbis
1330 1863 1467 1937 deliniri
1492 1863 1556 1936 six
1580 1872 1686 1961 queat
1712 1865 1824 1962 pluris
1851 1867 2019 1939 momenti
2045 1890 2251 1962 essequam

701 1979 861 2075 singulas
886 1987 1016 2078 partes.

753 2096 843 2171 Cum
873 2097 896 2162 d
925 2096 1082 2170 conferre
1114 2102 1213 2192 potes
1246 2120 1430 2169 nummum
1456 2120 1496 2169 ex
1523 2096 1612 2169 Asia
1638 2105 1741 2195 certe,
1766 2123 1886 2173 verum
1913 2125 1957 2173 ex
1984 2123 2140 2196 quanam
2164 2102 2251 2175 urbe

697 2214 862 2308 nescitur,
889 2214 1088 2288 oriundum.
1114 2213 1168 2286 De
1193 2213 1316 2286 Mileto
1342 2213 1528 2308 cogitarem
1555 2215 1586 2287 si
1612 2216 1749 2312 pondus
1774 2216 1970 2311 quadraret.

704 2329 791 2427 Gap.
817 2329 993 2426 Gorgonis
1019 2330 1106 2425 ling.
1137 2353 1224 2425 exo,
1251 2330 1346 2403 dent.
1373 2354 1445 2403 non
1471 2331 1540 2403 nisi
1561 2354 1693 2428 magn,
1718 2340 1825 2406 ment.
1852 2334 1936 2429 div,
1963 2357 2050 2407 naso
2075 2334 2251 2432 bipertito,

698 2448 789 2523 ocul.
815 2449 969 2543 rotund,
997 2447 1086 2521 cino.
1126 2446 1169 2518 In
1203 2471 1339 2520 summo
1376 2449 1490 2545 eapite
1527 2448 1583 2521 IV
1608 2473 1683 2522 esse
1708 2474 1841 2545 angues
1866 2451 2030 2548 dixerim,
2056 2454 2123 2525 sub
2148 2453 2252 2526 malis

696 2565 825 2638 barbae
850 2564 1011 2659 vestigia,
1038 2587 1127 2659 quae
1152 2569 1305 2636 ceterum
1329 2563 1367 2635 in
1393 2564 1547 2636 nummis
1573 2565 1679 2638 semel
1706 2573 1845 2639 tantum
1872 2566 2096 2663 deprehendi.
2124 2567 2168 2641 el.
2192 2559 2250 2640 Sd.

697 2682 727 2777 )(
751 2680 1009 2755 Ornamentum
1033 2704 1053 2753 e
1078 2680 1173 2754 foliis
1198 2688 1234 2753 et
1258 2679 1404 2754 floribus
1430 2681 1467 2753 in
1494 2705 1553 2776 qu.
1580 2681 1650 2755 ino.

696 2802 738 2870 m
767 2799 824 2871 19.
855 2799 973 2872 11.Οό.
1000 2797 1092 2872 0011.
1118 2797 1301 2871 Sooietatis
1327 2798 1369 2871 de
1395 2799 1620 2894 propaganda
1645 2797 1723 2893 fide,
1747 2799 1894 2875 Romae.

750 2913 841 2987 Cum
864 2937 884 2987 o
909 2913 1121 3009 coniungere
1149 2914 1267 3011 velim,
1295 2915 1458 3011 quamvis
1483 2916 1600 2987 minus
1626 2917 1814 3012 antiquum
1838 2916 1895 3008 sit,

701 3031 787 3129 Gap.
823 3031 999 3126 Gorgonis
1033 3031 1120 3128 ling.
1146 3056 1220 3107 exs.
1246 3033 1341 3106 dent.
1368 3055 1499 3127 magn,
1528 3040 1646 3105 mento
1672 3032 1853 3128 quadrato,
1880 3032 2063 3105 inauribus
2089 3032 2128 3105 in
2153 3056 2249 3130 parv.

698 3171 788 3243 aur,
813 3147 961 3245 pupillis
987 3155 1022 3221 et
1047 3148 1151 3245 ciliis,
1177 3150 1265 3222 erin.
1293 3173 1395 3246 saepe
1421 3149 1546 3221 divisis
1570 3155 1633 3220 aut
1658 3148 1888 3222 undantibus.

746 3263 862 3337 Valde
887 3288 1067 3362 magnum,
1094 3265 1197 3362 nigro
1222 3273 1258 3339 et
1284 3290 1386 3365 purp.
1413 3267 1548 3363 pictum
1572 3265 1611 3338 in
1636 3265 1758 3362 patina
1782 3264 2125 3338 maximaserealba.
2152 3262 2251 3359 Opus

700 3381 914 3454 Etruscum?
950 3382 1042 3455 Mus.
1071 3383 1175 3479 Lup,
1202 3382 1292 3457 001¹..
1320 3382 1512 3480 Campana.

747 3496 870 3569 Minus
906 3519 1045 3592 quoque
1077 3498 1264 3593 antiquum
1298 3505 1334 3570 et
1367 3521 1439 3570 non
1473 3497 1544 3570 nisi
1568 3496 1720 3593 quodam
1745 3495 1964 3568 dubitatione
1988 3494 2046 3567 hio
2072 3518 2251 3569 recensen-

696 3611 781 3684 dum
808 3612 947 3685 ridetur
1489 3697 1498 3709 ,

701 3724 786 3824 Gap.
813 3727 989 3824 Gorgonis
1014 3729 1102 3825 ling.
1128 3753 1200 3804 ors.
1227 3753 1345 3825 magn.
1371 3727 1456 3825 lata,
1481 3729 1572 3801 rictu
1598 3727 1682 3823 lato,
1707 3727 1810 3801 mult.
1838 3727 1934 3803 dent.
1962 3750 2062 3825 parv.
2088 3733 2178 3800 extr.
2192 3750 2250 3800 ore

697 3867 815 3938 magn.
851 3844 922 3919 lere
952 3853 994 3920 ut
1031 3855 1086 3944 lb,
1112 3870 1198 3921 naso
1223 3871 1243 3920 e
1267 3854 1418 3943 quatuor
1443 3844 1672 3918 semicirculis
1697 3843 1921 3940 consistente,
1948 3843 2058 3917 oeulis
2086 3843 2249 3939 obliquis,

698 3958 802 4054 ciliis,
840 3960 956 4034 fronte
992 3986 1070 4058 rug.
1110 3970 1150 4036 ut
1183 3962 1222 4057 o',
1262 3962 1459 4056 inauribus,
1498 3961 1586 4034 erin.
1614 3961 1709 4033 brer.
1738 3959 1877 4056 passis?
1911 3982 2047 4032 summo
2071 3957 2186 4031 fronte
2211 3958 2250 4031 in

696 4076 869 4170 angulum
905 4101 1013 4173 serg,
1052 4079 1184 4153 circulo
1222 4102 1303 4152 eum
1336 4077 1511 4152 XXVIII
1547 4078 1723 4172 anguibus
1755 4076 2020 4149 circumdatum.

747 4193 794 4266 In
820 4195 932 4268 medio
957 4195 1080 4293 oylioe.
1107 4197 1262 4293 Lnynes,
1289 4196 1392 4271 Culte
1419 4195 1591 4269 d'Hdcate
1615 4217 1672 4291 pg.
1701 4196 1760 4289 37,
1787 4193 1909 4267 Musee
1932 4193 2061 4266 Blaoas
2087 4193 2161 4268 tab.
2192 4195 2250 4288 10,

697 4308 1016 4384 Miller-wieseler
1040 4313 1113 4386 tab.
1143 4315 1201 4387 72.
1229 4314 1312 4386 906.
1339 4313 1427 4409 Rep.
1454 4309 1671 4405 Tarquiniis.

746 4428 921 4525 Sequatur
945 4430 1070 4504 deinde
1095 4431 1200 4505 series
1225 4454 1448 4505 nummorum
1473 4428 1804 4525 Neapolitanorum.

745 4544 867 4619 Primo
907 4545 984 4620 loco
1021 4553 1096 4620 esto
1134 4571 1265 4644 parvus
1303 4545 1508 4621 nummulus
1541 4543 1625 4616 huie
1649 4542 1741 4637 urbi,
1768 4541 1885 4639 potius
1911 4565 2018 4637 quam
2043 4541 2167 4634 eidem,
2194 4540 2251 4612 oui

695 4660 808 4756 prima
833 4663 952 4758 series,
979 4663 1187 4737 tribuendus
1212 4671 1353 4762 propter
1377 4663 1494 4736 locum
1519 4661 1581 4733 ubi
1607 4665 1764 4756 repertus
1789 4664 1854 4731 est.

634 4946 657 5020 1)
678 4943 811 5005 Gonfmm
829 4945 913 5005 velim
932 4966 1026 5006 ocreas
1045 4949 1166 5008 Menelai
1185 4948 1214 5006 in
1234 4949 1325 5026 cotyla
1344 4967 1369 5007 r.
1388 4949 1434 5024 dg.
1446 4966 1532 5025 qnam
1544 4946 1863 5011 ΗΙΕΡΟΝΕΓΙΟΙΕΙΕΝ
1875 4943 2249 5008 οῐΜΑκΡοΝΕΛΡΑΦΙΕΝ

590 5037 671 5112 (Gar.
690 5040 777 5099 Arob.
797 5043 874 5099 loeo
892 5040 951 5101 tab.
971 5045 997 5113 7,
1020 5045 1046 5101 8.
1066 5043 1212 5101 Benndorf
1228 5041 1264 5102 V.
1283 5042 1329 5102 Bl.
1349 5041 1381 5103 G.
1402 5045 1429 5102 1.
1449 5044 1476 5100 1.
1498 5041 1583 5100 Klein
1604 5042 1653 5115 al)
1673 5038 1762 5118 capite
1780 5036 1929 5114 Gorgonis,
1946 5037 2024 5114 grad.
2043 5035 2107 5095 ded.
2127 5040 2246 5095 ornatas.

632 5132 658 5208 ¹)
676 5133 784 5213 Eotypn
803 5153 887 5213 supra
906 5134 1044 5213 descripto
1063 5135 1150 5195 debeo
1168 5155 1251 5196 curae
1268 5142 1297 5195 et
1315 5136 1523 5196 benevolentiae
1542 5134 1597 5194 riri
1616 5133 1690 5193 doct.
1710 5130 1931 5192 Idndenoohmit
