4898 6420
772 1574 1036 1647 CAPUT
1088 1573 1127 1646 Il
1179 1573 1269 1645 DE
1320 1571 1654 1646 AETATE.

437 1860 481 1932 In
518 1860 632 1958 priore
672 1855 786 1953 capite
819 1852 1037 1926 luculentius
1071 1853 1114 1925 de
1148 1854 1312 1929 omnibus
1347 1858 1419 1931 fere
1445 1857 1622 1953 Gorgonis
1649 1858 1868 1954 imaginibus
1893 1859 2040 1955 egimus,

386 1976 561 2072 seriesque
600 1997 703 2071 saepe
738 1971 909 2069 plurimas
947 1976 1256 2067 contemporaneos
1292 1975 1541 2048 constituimus
1577 1983 1618 2049 ut
1652 1976 1781 2049 exinde
1819 1975 2042 2072 singularum

386 2099 482 2165 aetas
507 2090 613 2189 paulo
640 2087 839 2162 accuratius
866 2085 1062 2182 computari
1087 2087 1218 2184 possit,
1257 2113 1339 2161 nam
1366 2115 1435 2186 quo
1461 2091 1574 2163 maior
1597 2099 1651 2164 est
1676 2092 1829 2164 uarietas
1865 2092 2042 2189 exemplo-

385 2232 463 2281 rum
496 2206 604 2281 unius
634 2205 791 2279 familiae
824 2227 864 2276 eo
899 2203 1027 2276 certius
1054 2210 1192 2277 constat
1217 2229 1289 2279 non
1315 2209 1437 2304 paucis
1462 2208 1567 2281 annis
1593 2232 1670 2281 eam
1697 2208 1835 2282 definiri
1862 2232 1974 2305 posse,
2001 2233 2041 2282 eo

384 2326 499 2398 maius
539 2323 768 2397 intervallum
808 2321 901 2393 inter
940 2319 1095 2416 primum
1134 2328 1169 2393 et
1207 2322 1374 2396 ultimum
1414 2325 1616 2422 exemplum
1662 2325 1768 2397 luerit
1802 2349 1943 2398 nccesse
1975 2333 2039 2399 est.

386 2442 519 2516 Contra
545 2441 649 2516 facile
672 2441 812 2513 diversa
838 2436 996 2535 exempla
1022 2463 1066 2510 ex
1093 2462 1164 2510 uno
1190 2440 1379 2536 codemque
1406 2449 1560 2540 tempore
1585 2464 1661 2515 esse
1686 2441 2037 2539 possuntdummodo

385 2560 579 2633 ediversis
616 2558 761 2631 familiis
796 2557 879 2629 sint.
908 2555 965 2628 Sic
992 2557 1061 2628 tria
1086 2555 1149 2629 illa
1174 2558 1291 2654 capita
1317 2560 1355 2631 in
1381 2560 1535 2633 nummis
1563 2559 1772 2633 Camarinae
1795 2566 1937 2633 tanturn
1963 2559 2034 2633 lere

383 2675 562 2770 differunt,
602 2679 774 2769 quantum
812 2670 963 2768 primum
999 2678 1035 2743 et
1068 2669 1234 2744 ultimum
1272 2673 1399 2769 longae
1436 2674 1607 2773 Neapolis
1634 2674 1749 2770 seriei,
1776 2698 1890 2770 neque
1918 2682 2038 2748 tamen

383 2793 462 2888 quis
488 2792 592 2865 facile
615 2791 674 2863 hic
701 2791 744 2862 de
769 2795 884 2862 aetate
911 2787 1092 2860 erraverit.

431 2911 476 2982 In
510 2910 577 2982 hoc
609 2914 727 2981 autem
764 2907 878 3003 capite
913 2905 1000 2977 mihi
1036 2905 1255 3001 propositum
1288 2915 1341 2978 est
1368 2907 1530 3001 breviter,
1572 2908 1791 3002 argumentis
1817 2908 1969 3003 omissis,
1996 2934 2038 2982 ca

381 3034 535 3124 repetere
569 3049 658 3122 quae
687 3025 730 3097 de
764 3029 879 3097 aetate
915 3023 1045 3116 monui,
1073 3021 1203 3117 quibus
1229 3023 1355 3096 addam
1381 3026 1548 3122 temporis
1574 3025 1796 3098 definitiones
1822 3026 2038 3120 incertiores,

381 3166 453 3217 non
490 3142 559 3214 nisi
594 3166 613 3214 e
639 3147 808 3214 contextu
833 3145 1065 3235 computatas,
1101 3161 1191 3233 quae
1222 3140 1362 3235 quidem
1389 3141 1440 3213 sic
1465 3141 1625 3237 intellegi
1652 3141 1732 3214 volo
1759 3148 1799 3214 ut
1825 3142 1856 3214 si
1883 3141 1966 3236 quid
1994 3165 2039 3215 ex

382 3258 566 3356 postremis
590 3257 695 3330 annis
721 3255 830 3329 seculi
858 3255 1039 3327 cuiusdam
1066 3278 1142 3327 esse
1167 3255 1317 3328 dixerim
1344 3281 1416 3329 non
1442 3257 1628 3330 molcstum
1656 3257 1743 3330 mihi
1769 3258 1928 3331 futurum
1947 3258 1994 3330 sit
2008 3260 2038 3331 si

381 3375 461 3470 quis
495 3374 530 3447 id
556 3399 601 3447 ex
639 3374 743 3446 initio
782 3372 891 3446 seculi
917 3373 1095 3468 sequentis
1122 3397 1197 3445 esse
1223 3373 1405 3470 perhibeat
1430 3375 1617 3447 dummodo
1643 3382 1705 3448 out
1733 3376 1952 3470 argumentis
1976 3381 2039 3449 aut

382 3515 454 3563 non
481 3492 615 3564 minore
640 3488 881 3587 exemplorum
908 3513 1053 3561 numero
1079 3489 1226 3562 nitatur.

432 3608 581 3680 Initium
616 3609 748 3703 ubique
784 3606 912 3679 faciam
949 3606 994 3678 ab
1029 3606 1073 3679 iis
1108 3615 1290 3703 poetarum
1324 3608 1381 3681 vel
1416 3616 1600 3681 auctorum
1636 3608 1723 3682 locis
1749 3610 2039 3682 communibuse

382 3724 511 3821 quibus
544 3725 630 3820 quid
664 3724 706 3797 de
741 3732 816 3797 arte
851 3731 914 3795 aut
950 3747 1016 3795 usu
1042 3724 1207 3796 extricari
1233 3732 1360 3822 potest,
1398 3724 1590 3798 secundum
1622 3731 1772 3799 aetatem
1798 3726 1978 3824 dispositis
2002 3733 2039 3799 et

384 3840 524 3937 quidem
550 3842 601 3913 sic
627 3848 666 3914 ut
693 3840 893 3914 Pausaniae
919 3840 1148 3938 discriptione
1184 3866 1287 3914 arcae
1314 3843 1458 3939 Cypseli
1486 3867 1548 3938 pro
1574 3843 1670 3915 fonte
1696 3844 1945 3940 Tyrannorum
1972 3843 2039 3916 Co·

384 3955 496 4029 rinthi
532 3963 824 4053 contemporaneo
863 3963 1005 4028 utamur
1030 3963 1065 4027 et
1090 3955 1288 4051 lragrnenta
1313 3959 1374 4030 ubi
1402 3965 1568 4055 poterunt
1594 3959 1760 4055 auctoris,
1787 3982 1859 4031 non
1884 3958 2039 4055 descrip-

383 4073 470 4146 toris
497 4074 639 4146 nomine
664 4073 917 4146 laudabuntur.

434 4191 588 4263 Homero
614 4191 850 4286 antiquiorem
878 4189 1015 4262 nullum
1041 4190 1155 4263 adhuc
1182 4191 1380 4287 Gorgonem
1409 4193 1584 4287 novimus,
1612 4216 1701 4289 opus
1727 4193 1821 4265 enim
1839 4192 1931 4288 quod
1952 4190 2035 4264 lere

385 4309 489 4381 batur
516 4305 711 4403 Cyclopum
739 4307 842 4403 quod,
880 4313 967 4378 teste
993 4306 1171 4380 Pausania
1205 4309 1271 4403 (II.
1306 4311 1364 4383 20.
1391 4312 1411 4404 ξ
1438 4311 1486 4404 7),
1523 4309 1630 4404 Argis
1657 4308 1741 4381 olim
1768 4316 1854 4405 erat,
1881 4308 2036 4382 nondum

384 4423 549 4496 effossum
573 4436 637 4496 est.

433 4540 609 4613 Homerus
644 4539 682 4611 in
721 4539 833 4612 Iliade
868 4547 920 4611 ter
946 4539 1021 4611 eius
1047 4539 1259 4612 mentionem
1285 4541 1378 4635 lecit,
1405 4541 1495 4614 libro
1522 4540 1617 4613 VllI
1644 4566 1678 4613 r.
1706 4544 1790 4637 349,
1816 4542 1879 4614 ubi
1905 4542 2036 4614 Hector

384 4658 599 4752 discribitur,

672 4775 708 4841 Γ
710 4780 847 4867 οργοῦς
874 4774 1046 4864 ὄμματ’
1072 4772 1181 4864 ἔχων
1204 4774 1241 4858 pi
1266 4773 1519 4871 βροτολοιγοῦ
1542 4775 1682 4871 ”Apros

384 4885 475 4983 quod
504 4885 852 4958 commentariorum
879 4886 1023 4982 indiget,
1050 4886 1140 4958 libro
1167 4887 1224 4959 XI
1253 4913 1285 4961 v.
1315 4891 1360 4961 36
1388 4889 1425 4961 in
1453 4890 1566 4986 clipeo
1592 4889 1873 4986 Agamemnonis
1892 4894 1927 4961 et
1943 4886 2034 4959 libro

379 5002 415 5072 V
442 5026 475 5074 v.
504 5003 572 5073 741
604 4999 643 5072 in
669 5001 790 5095 aegide
815 5002 1007 5077 Minervae.

431 5117 545 5214 Clipei
571 5125 624 5191 cst
650 5117 736 5189 satis
763 5118 882 5216 ampla
904 5119 1098 5217 discriptio,
1114 5120 1301 5194 dolendum
1317 5121 1426 5217 igitur
1447 5123 1538 5219 quod
1566 5130 1678 5219 poeta,
1706 5144 1777 5194 non
1803 5126 1844 5190 ut
1870 5116 2032 5210 thoracis,
