4808 6390
1198 614 1246 686 49

486 826 699 900 haberentur
738 834 775 900 et
811 825 985 925 paulatim
1024 825 1062 899 in
1100 827 1365 901 desuetudinem
1399 827 1565 923 abierint,
1592 827 1745 902 libenter
1769 827 1815 900 ab
1840 826 1885 900 iis
1911 850 2043 900 norum

485 964 598 1038 genus
623 941 841 1040 incepissem,
869 966 991 1017 verum
1018 942 1116 1016 illius
1141 942 1263 1042 stirpis
1287 943 1432 1040 radices,
1460 944 1601 1044 penitus
1626 945 1665 1017 in
1689 942 1757 1018 hac
1784 950 1877 1017 terra
1901 943 2043 1038 infixae,

485 1056 590 1130 euelli
615 1065 809 1153 nequeunt.

533 1172 675 1246 Nouum
700 1173 810 1270 igitur
833 1197 946 1269 genus
971 1181 1091 1271 postea
1116 1177 1184 1249 erit
1210 1176 1452 1274 incipiendum
1477 1177 1523 1251 ab
1548 1177 1593 1250 iis
1617 1200 1708 1274 quae
1728 1200 1868 1251 omnem
1887 1183 2040 1249 veterem

485 1288 774 1362 consuetudinem
818 1290 1064 1389 deposuerunt,
1091 1317 1181 1389 quac
1207 1317 1321 1391 neque
1346 1293 1412 1367 lati
1440 1292 1560 1366 uultus
1584 1292 1737 1389 horrore,
1765 1317 1878 1390 neque
1902 1291 2042 1386 magnis

483 1403 599 1500 malis,
638 1429 752 1501 neque
791 1405 968 1503 dentibus,
1001 1432 1047 1481 ne
1072 1407 1196 1504 lingua
1220 1410 1361 1506 quidem
1386 1409 1465 1507 ipsa
1489 1415 1740 1505 agnoscuntur,
1767 1408 1827 1482 sed
1852 1407 1963 1481 torris
1987 1406 2042 1479 in·

483 1520 619 1593 terdum
645 1520 756 1593 oculis
782 1529 817 1594 et
842 1523 1047 1620 praesertim
1073 1525 1230 1598 crinibus
1256 1525 1427 1621 anguium
1453 1549 1548 1598 more
1572 1525 1808 1599 horrentibus.
1835 1524 1907 1597 Hic
1932 1522 2042 1619 igitur

482 1660 593 1709 novas
617 1636 771 1710 familias
796 1638 1022 1712 instituemus
1049 1645 1092 1713 12
1117 1647 1153 1715 et
1181 1646 1234 1735 13,
1265 1666 1413 1739 quorum
1438 1642 1534 1740 prior
1559 1667 1600 1716 ea
1625 1641 1820 1715 continebit
1845 1641 1888 1714 de
1913 1640 2042 1738 quibus

384 1794 399 1805 ·‹
483 1753 583 1826 modo
623 1753 710 1850 dixi,
737 1753 848 1828 altera
872 1763 990 1829 autem
1016 1755 1131 1830 affinis
1157 1758 1225 1831 crit
1249 1764 1285 1831 et
1310 1759 1426 1857 capita
1451 1759 1552 1856 quasi
1576 1757 1685 1832 radiis
1710 1758 1890 1831 horrentia
1914 1757 2039 1855 capiet.

531 1871 590 1944 Ad
617 1872 710 1945 hanc
737 1871 779 1937 13
805 1881 922 1947 autem
946 1874 985 1945 in
1011 1877 1213 1949 memoriam
1239 1901 1364 1950 revoco
1389 1878 1625 1951 coniecturam
1651 1901 1758 1973 supra
1783 1877 1849 1949 suh
1875 1884 2042 1949 hmemo·

480 1994 604 2083 ratam,
642 1985 727 2060 olim
769 1995 875 2081 caput
917 1989 1114 2064 innotuisse
1147 1991 1374 2067 circumcirca
1411 1994 1520 2067 radiis
1558 1999 1733 2065 ornatum.
1783 1991 1868 2064 Non
1908 1997 2039 2084 tamen,

480 2103 564 2177 licet
600 2105 707 2178 huius
743 2105 898 2178 familiae
937 2106 1117 2204 exemplar
1140 2108 1439 2204 antiquissimum,
1466 2110 1558 2206 quod
1584 2133 1666 2181 mox
1694 2109 1787 2181 inter
1811 2107 2038 2180 Corinthiaca

481 2224 677 2319 recensebo,
702 2222 794 2296 nulli
819 2223 913 2295 inter
939 2224 1087 2320 antiqua
1112 2224 1159 2298 sit
1184 2226 1335 2299 similius
1361 2251 1467 2323 quam
1493 2228 1559 2322 bb‘,
1586 2225 1669 2298 licet
1695 2225 1866 2320 quaedam
1892 2224 1940 2297 sit
1964 2222 2037 2299 affl.-

480 2338 573 2413 nitas
611 2339 704 2411 inter
737 2339 960 2411 nummulum
995 2339 1262 2413 Corinthiacum
1300 2344 1319 2414 1
1355 2347 1391 2414 et
1420 2365 1462 2414 ea
1487 2341 1603 2438 capita
1628 2363 1749 2438 parva,
1776 2339 1921 2412 minime
1947 2362 2038 2433 ram,

479 2478 568 2551 quse
605 2455 644 2528 in
682 2456 752 2528 fine
789 2455 945 2528 familiae
984 2456 1098 2527 bsub
1125 2484 1144 2532 o
1167 2456 1347 2551 collocavi,
1385 2456 1468 2529 licet
1492 2457 1574 2529 inde
1599 2456 1746 2529 fortasse
1770 2454 1959 2527 conieceris
1984 2478 2037 2548 ea,

477 2594 567 2666 quae
604 2573 717 2644 subd
751 2572 888 2666 collegi,
925 2572 963 2644 in
999 2571 1235 2646 Corinthiacis
1265 2573 1399 2668 figlinis
1432 2573 1526 2646 laeta
1559 2596 1646 2668 esse,
1682 2594 1754 2643 non
1779 2576 1899 2643 tamen
1924 2570 2036 2643 audeo

478 2688 564 2762 haec
602 2690 641 2760 in
667 2712 775 2760 unam
809 2687 981 2761 familiam
1006 2712 1140 2784 cogere,
1165 2712 1211 2761 nc
1235 2690 1303 2787 ipsi
1329 2689 1363 2763 ei
1388 2689 1608 2762 coniecturae
1634 2687 1714 2786 plus
1741 2687 1904 2785 ponderis
1929 2710 2036 2782 quam

478 2806 531 2880 las
571 2814 625 2880 est
661 2805 813 2878 tribuere
848 2805 980 2878 ridear.
1029 2805 1182 2878 Familia
1225 2805 1266 2871 13
1300 2806 1409 2900 igitur
1435 2804 1605 2878 familiam
1632 2814 1653 2877 5
1679 2804 1830 2902 excipiet
1855 2826 1966 2899 usquc
1991 2802 2035 2875 ad

478 2947 557 2996 eum
596 2922 688 2995 diem
727 2923 788 3018 qui
826 2945 919 2994 nova
957 2921 1118 3018 exempla
1156 2922 1201 2994 ad
1239 2921 1353 2995 lucem
1388 2922 1538 3019 proferet
1571 2945 1673 3018 quae,
1711 2919 1920 2993 intermedia
1944 2918 2038 2991 inter

477 3038 608 3131 ambas,
649 3035 876 3109 intervallum
914 3036 985 3110 fere
1018 3037 1174 3110 seculare
1207 3038 1300 3111 inter
1334 3039 1498 3111 barbatas
1532 3037 1614 3110 illas
1649 3043 1684 3110 et
1720 3035 1873 3109 radiatas
1897 3040 2037 3107 nostras

477 3155 659 3251 Gorgones
683 3154 877 3252 explebunt
904 3152 943 3249 1).

524 3271 635 3346 Ι)0190
673 3272 765 3368 quod
804 3269 978 3366 angustiis
1017 3271 1183 3369 temporis
1223 3272 1393 3370 plurimas
1418 3296 1507 3368 quas
1532 3269 1695 3343 Lutetiae
1720 3269 1935 3343 Parisiorum
1962 3268 2035 3340 vidi

476 3390 662 3463 uarietates
700 3387 963 3460 nummulorum
1005 3386 1180 3484 Corinthi,
1219 3412 1299 3462 cera
1335 3397 1371 3461 ct
1408 3411 1520 3486 gypso
1545 3387 1695 3460 formare
1720 3385 1918 3483 prohibitus
1945 3409 2035 3459 sum.

476 3506 561 3579 Post
598 3505 843 3579 Corinthiacos
882 3503 1001 3576 statim
1040 3501 1257 3577 coloniarum
1285 3528 1449 3578 nummos
1474 3503 1648 3576 adiiciam.
1684 3502 1780 3590 Quin
1805 3524 1863 3574 eos
1889 3501 2036 3598 promis·

475 3646 538 3697 cue
563 3623 641 3694 dem
666 3644 706 3693 eo
743 3620 917 3693 deterreor
949 3617 1043 3714 quod
1070 3642 1141 3691 non
1167 3620 1287 3694 eodem
1313 3627 1467 3717 tempore
1492 3619 1585 3717 apud
1611 3626 1777 3714 utrosque
1801 3617 1929 3712 Pegasi
1955 3615 2033 3691 alae

474 3746 588 3813 rectae
614 3762 633 3811 9
659 3738 815 3810 recurvis
841 3736 954 3808 factae
980 3737 1064 3809 sint.

477 3859 494 3928 1
522 3855 689 3948 Pegasus.
716 3877 743 3926 e.
771 3851 940 3946 frenatus,
966 3850 1034 3923 alis
1060 3873 1182 3947 recur,
1205 3851 1340 3946 volans,
1355 3850 1394 3923 in
1407 3875 1489 3924 area
1501 3856 1607 3947 caput
1619 3847 1794 3942 tridentis,
1813 3842 2031 3935 φορινθίων.

374 3995 426 4072 (ta'
474 3992 504 4087 )(
528 3990 613 4087 Cap.
641 3987 830 4083 Gorgonis,
855 3985 958 4082 quod,
987 3985 1091 4081 longe
1117 3986 1234 4060 minus
1247 3987 1444 4082 antiquum,
1460 3986 1616 4084 aliquam
1628 3993 1747 4058 tamen
1760 3983 2029 4057 similitudinem

473 4131 554 4180 cum
591 4104 803 4177 didrachmis
841 4102 974 4176 Atticis
1000 4109 1042 4174 60
1068 4104 1223 4176 servarit
1248 4127 1361 4200 neque
1387 4109 1505 4176 tamen
1531 4102 1636 4199 longe
1661 4126 1682 4175 9
1707 4106 1761 4198 ba,
1788 4100 1846 4173 cui
1877 4107 2030 4198 tempore

476 4222 618 4320 propius
645 4228 709 4317 est,
733 4222 842 4314 abest,
871 4218 957 4313 ling.
986 4242 1060 4292 9119.
1087 4218 1171 4315 1919,
1197 4220 1291 4294 dent.
1319 4227 1408 4294 extr.
1445 4243 1504 4292 ore
1529 4243 1647 4314 magn.
1674 4224 1825 4307 tantum,
1852 4216 1953 4288 cirris
1967 4214 2028 4286 ΙΙΙ

472 4346 665 4441 ordinibus,
690 4347 730 4418 in
756 4370 813 4442 qu.
841 4345 923 4441 inc,
939 4321 967 4445 ᾗ
986 4321 1241 4445 ῗμιωβόλιθν·

472 4468 513 4536 dl
542 4464 598 4534 10.
625 4463 711 4534 0.69
738 4461 829 4536 0011.
856 4461 930 4535 six.

381 4640 612 4655 n-t'-

410 4733 432 4806 ¹)
451 4731 605 4808 Postquam
634 4728 703 4786 hacc
732 4726 830 4804 scripsi
855 4728 913 4784 iam
943 4727 1101 4805 antiquiora
1131 4726 1215 4784 huius
1243 4727 1367 4784 familiae
1397 4725 1524 4802 exempla
1553 4730 1750 4802 apparuerunt.
1780 4722 1851 4782 Vere
1871 4722 2029 4802 antiquum,

373 4825 447 4903 quod
478 4824 536 4883 iam
564 4824 637 4881 inter
665 4821 847 4879 Atheniensis
876 4820 1036 4878 intercalari
1055 4819 1106 4878 sub
1128 4823 1155 4887 2,
1175 4817 1229 4889 6b,
1250 4825 1277 4877 91
1297 4819 1444 4897 paululum
1464 4822 1575 4876 tentum
1594 4817 1748 4877 Corinthiis
1767 4816 1920 4876 nummulis
1940 4816 2028 4893 megla

372 4919 528 4999 antiquum,
548 4917 623 4997 quod
644 4915 726 4973 Hcad
746 4913 870 4973 Eretriae
889 4931 1009 4992 quoquc,
1029 4932 1124 4971 vereor
1144 4917 1176 4970 ut
1194 4912 1264 4982 iure,
1284 4912 1448 4989 adsignavit.
1488 4913 1549 4987 llgo
1570 4911 1640 4969 nihil
1660 4912 1796 4970 affirmem
1816 4909 1912 4968 audeo.

371 5015 438 5094 Cap.
468 5012 617 5089 Gorgonis,
646 5008 754 5087 generis
783 5008 897 5076 insoliti,
927 5007 1041 5085 propius
1070 5025 1156 5084 quam
1186 5005 1221 5063 ad
1251 5005 1315 5075 alia,
1344 5005 1380 5063 ad
1403 5006 1567 5065 Camerinos
1588 5009 1614 5076 1,
1637 5006 1698 5075 11„
1722 5005 1861 5071 accedens,
1880 5003 1949 5080 ling.
1970 5021 2028 5061 cxs.

370 5111 438 5182 lato,
456 5109 531 5168 dent.
553 5106 632 5176 null,
652 5123 719 5163 naso
738 5103 804 5166 lato.
824 5101 914 5159 fronte
932 5122 1004 5180 rag..
1023 5101 1091 5160 crin.
1111 5101 1288 5159 flammarum
1297 5099 1387 5158 instar
1398 5099 1487 5158 dirad.
1508 5101 1533 5174 )(
1543 5101 1611 5159 Pare
1622 5099 1745 5158 anterior
1755 5099 1782 5159 d.
1790 5099 1864 5178 equi,
1875 5096 1962 5176 inqu.
1973 5097 2030 5158 inc.

371 5212 412 5279 Αἱ
432 5211 459 5266 9.
479 5207 546 5269 0.70
563 5204 638 5263 Mus.
659 5201 730 5260 Brit.
749 5197 811 5257 Cat.
831 5198 942 5257 Central
962 5195 1296 5257 (11990911111191123.
1318 5196 1344 5253 8.
