4808 6390
1371 601 1419 672 20

571 707 620 768 111

668 797 856 885 coegerunt
889 793 997 867 variis
1023 793 1135 867 modis
1160 795 1228 868 sibi
1254 798 1440 894 pecuniam
1467 797 1590 886 (Arist,
1616 798 1698 873 Oeo.
1725 799 1764 873 ΙΙ
1790 800 1840 896 V)
1866 808 1911 888 et,
1939 801 2014 874 filia
2038 802 2077 874 in
2102 804 2224 876 matri-

671 912 830 984 monium
855 912 939 985 data
964 912 1141 1009 Aiantidi,
1168 913 1354 1013 Lampsaci
1381 923 1544 1013 tyranno,
1570 916 1743 990 auxilium
1769 917 1863 1014 apud
1888 918 2077 993 Persarum
2102 944 2220 1017 regem

672 1049 795 1124 parare
822 1028 948 1118 (Tbuo.
975 1029 1031 1102 VI
1059 1031 1133 1120 59).

724 1165 920 1253 Quominus
961 1166 1149 1265 Neapolim
1199 1170 1245 1242 ab
1287 1169 1567 1244 Atheniensibus
1611 1171 1787 1244 conditam
1833 1194 1907 1244 esse
1947 1171 2103 1269 suspicer
2150 1197 2223 1246 non

671 1286 743 1354 tam
783 1284 968 1381 prohibeor
1005 1309 1026 1357 a
1066 1285 1237 1360 Strabone
1275 1286 1356 1382 (frg.
1385 1290 1446 1379 36)
1488 1289 1672 1370 Δατηνῶν
1697 1285 1808 1368 πόλις
1834 1288 2019 1383 scribente,
2046 1313 2151 1385 quam
2177 1293 2223 1364 ab

669 1400 858 1474 annalibus
884 1401 1096 1475 tributorum
1121 1402 1184 1498 qui
1210 1402 1398 1500 Neapolim
1423 1404 1461 1477 in
1488 1403 1705 1478 Chersoneso
1731 1405 1846 1499 sitam,
1863 1404 2102 1500 distinguendi
2116 1431 2223 1480 causa

672 1514 737 1588 ἀπ’
755 1517 930 1605 Ἀθηνῶν
954 1526 1082 1592 vocant
1106 1520 1161 1615 (0.
1188 1520 1219 1594 I.
1245 1520 1292 1594 A.
1319 1521 1350 1594 Ι.
1379 1524 1477 1617 240).

720 1633 870 1706 Etiamsi
894 1634 981 1708 haec
1007 1638 1125 1710 omnia
1150 1661 1265 1710 merae
1290 1638 1363 1711 sint
1387 1638 1619 1724 coniecturae,
1645 1646 1764 1711 tamen
1777 1663 1891 1734 nemo,
1910 1641 2061 1733 1)000(10,
2080 1641 2222 1736 negabit

672 1771 843 1833 nummos,
870 1750 912 1825 de
947 1753 1076 1848 quibus
1101 1754 1230 1848 agitur,
1257 1761 1349 1827 recte
1375 1754 1459 1828 huic
1485 1755 1631 1853 tempori
1657 1755 1757 1827 datos
1782 1777 1857 1828 esse
1882 1763 1917 1828 et
1942 1756 1987 1829 iis
2012 1764 2085 1829 tam
2110 1757 2221 1830 Athe

671 1863 811 1938 nienses
850 1890 956 1962 quarn
994 1868 1154 1942 Euboeua
1189 1893 1269 1943 usos
1301 1871 1421 1965 fuisse,
1461 1894 1544 1942 nam
1582 1894 1627 1943 ne
1663 1870 1743 1966 quis
1782 1870 1900 1944 credat
1942 1873 2091 1968 priorem
2129 1872 2221 1944 hanc

668 1981 792 2053 seriem
829 2007 939 2078 aeque
974 1985 1062 2058 bene
1096 1993 1202 2082 atque
1236 1986 1382 2059 alteram
1418 1987 1568 2084 Neapoli
1604 2010 1705 2084 posse
1730 1986 1818 2074 dari,
1847 1988 2045 2060 meminerit
2069 1987 2220 2084 priorem

667 2093 794 2169 babere
832 2098 967 2195 pondus
1003 2101 1335 2198 Attiou-Euboeum‚
1371 2103 1518 2177 alteram
1553 2103 1764 2197 Asiaticum,
1805 2102 1929 2175 deinde
1963 2103 2114 2198 priorem
2149 2103 2219 2174 iam

666 2217 875 2309 quadratum
900 2218 1075 2314 incusum,
1104 2219 1281 2293 interdum
1307 2227 1392 2316 typo
1418 2227 1592 2315 ornatum,
1619 2220 1765 2293 alteram
1792 2218 1896 2315 longe
1921 2227 2041 2316 postea
2055 2243 2126 2292 non
2148 2220 2217 2292 nisi

664 2334 719 2407 bis
743 2334 906 2409 divisum.
1112 2408 1124 2422 ,,

564 2462 610 2528 ta
667 2451 687 2523 1
715 2450 800 2548 Gap.
832 2453 1008 2548 Gorgonis
1041 2454 1128 2549 ling.
1165 2477 1250 2548 exa,
1282 2454 1374 2526 rictu
1398 2451 1484 2536 lato,
1510 2452 1604 2524 deut.
1630 2459 1719 2526 extr.
1747 2476 1805 2524 ore
1830 2476 1961 2548 magn,
1987 2459 2106 2525 mento
2131 2451 2217 2548 div,

663 2568 750 2641 crin.
778 2592 880 2665 saepe
905 2570 974 2641 div.
1002 2571 1146 2666 propius
1170 2570 1336 2643 accedens
1361 2570 1406 2641 ad
1432 2567 1556 2640 seriem
1583 2578 1603 2644 2
1627 2591 1733 2664 quam
1760 2568 1950 2663 sequentia.

663 2686 692 2780 )(
718 2685 845 2773 Quadr.
874 2686 943 2759 ino.
972 2687 1027 2759 bis
1054 2687 1265 2760 transversis
1289 2686 1395 2759 lineis
1421 2685 1585 2758 divisum.

664 2808 705 2876 1ss
734 2805 831 2888 lllb.
859 2806 943 2876 034
970 2804 1132 2877 Museum
1159 2805 1311 2877 Hunter.
1339 2803 1409 2875 tab.
1438 2803 1497 2874 40.
1527 2806 1560 2874 3.

661 2927 701 2995 At
731 2923 787 2994 17.
815 2922 899 2995 819
925 2922 1131 3018 perforatus.
1160 2922 1252 2995 Mus.
1279 2921 1339 2994 Br.
1366 2919 1444 2994 Gat.
1471 2919 1592 2993 Centr.
1618 2917 1749 2991 Greece
1775 2919 1845 2991 tab.
1875 2921 1932 2992 22.
1962 2923 1994 2991 2.

563 3051 609 3117 bb
664 3041 685 3111 2
715 3037 800 3135 Gap.
829 3039 1004 3134 Gorgonis
1030 3039 1101 3112 fere
1126 3039 1229 3125 idem,
1256 3039 1344 3112 crin.
1372 3039 1591 3110 flammarum
1616 3037 1731 3109 instar
1755 3037 2012 3110 diradiantibus
2029 3037 2085 3126 (de
2098 3037 2142 3109 iis
2159 3037 2215 3131 egi

659 3155 725 3228 sub
757 3169 789 3251 5,
824 3157 952 3229 iterum
985 3181 1088 3252 agam
1123 3158 1189 3229 sub
1225 3168 1280 3252 1ος
1315 3155 1468 3227 medium
1505 3153 1571 3226 boc
1603 3152 1720 3225 locum
1754 3160 1916 3250 occupat)
1941 3175 2077 3225 summo
2102 3151 2216 3224 fronte

660 3274 699 3346 in
724 3275 895 3369 angulum
920 3275 1157 3371 vergentibus.
1185 3277 1215 3369 )(
1241 3273 1359 3371 Caput
1383 3273 1592 3347 exuviarum
1618 3270 1729 3344 leonis
1755 3278 1879 3366 inqu.
1905 3271 1974 3344 inc.

663 3395 703 3463 a
732 3392 854 3477 32120.
884 3393 993 3465 17.40
1020 3393 1138 3465 tritus.
1165 3391 1258 3464 Mus.
1284 3391 1344 3463 ΒΓ.
1373 3389 1451 3463 001.
1479 3388 1519 3462 0.
1547 3388 1609 3462 Gr.
1639 3389 1709 3461 tab.
1739 3391 1796 3461 22.
1827 3391 1861 3461 7.

562 3510 618 3584 ob'
662 3506 683 3576 3
708 3505 793 3604 Gap.
820 3506 996 3600 Gorgonis
1021 3505 1092 3579 fere
1118 3506 1208 3578 idem
1226 3505 1286 3578 sed
1300 3505 1385 3577 crin.
1401 3527 1503 3600 saepe
1516 3502 1590 3577 div.
1608 3527 1745 3576 summo
1757 3503 1871 3575 fronte
1883 3502 1922 3575 in
1935 3501 2105 3596 angulum
2118 3524 2213 3594 verg.

660 3623 690 3716 )(
715 3622 832 3720 Gaput
856 3630 891 3696 et
916 3623 1019 3718 pedes
1044 3624 1236 3695 anteriores
1261 3621 1468 3694 exuviarum
1495 3618 1605 3692 leonis
1631 3620 1668 3691 in
1695 3644 1753 3714 qu.
1781 3619 1850 3691 ino.

662 3741 788 3811 21123.
831 3741 937 3812 1087
976 3737 1066 3812 0011.
1102 3738 1145 3811 de
1182 3738 1335 3835 Luynes.
1374 3738 1529 3832 Luynes,
1571 3734 1675 3807 Gulte
1713 3735 1884 3808 d'Heoatc
1915 3759 1972 3832 pg.
2002 3735 2068 3828 373
2105 3733 2214 3805 Bcula

661 3880 719 3954 pg.
748 3858 815 3952 325
845 3857 952 3928 17.-
978 3855 1140 3928 Mionnet
1166 3855 1237 3928 tab.
1265 3856 1323 3927 50.
1353 3856 1385 3949 1,
1414 3851 1525 3925 Beule
1551 3875 1607 3948 pg.
1637 3858 1693 3925 25.

662 3974 685 4044 4
711 3972 796 4071 Cap.
824 3970 999 4066 Gorgonis
1025 3972 1095 4045 lere
1121 3971 1224 4045 idem.
1255 3973 1285 4066 )(
1311 3970 1380 4059 Qu.
1406 3970 1475 4042 ino.
1503 3975 1544 4040 ut
1572 3971 1602 4040 l.

662 4094 703 4161 a
731 4090 776 4162 18
796 4091 829 4162 7.
857 4090 941 4161 850
970 4090 1166 4187 perforatus
1191 4088 1282 4163 0011.
1305 4089 1379 4162 Six.

560 4224 604 4287 00
660 4211 681 4281 5
707 4206 794 4304 Gap.
821 4205 997 4299 Gorgonis
1022 4205 1094 4280 fere
1118 4207 1220 4301 idam,
1247 4207 1432 4279 cincinnio.
1459 4208 1489 4302 )(
1516 4206 1583 4294 Qu.
1610 4206 1679 4277 100.
1706 4211 1746 4277 ut
1774 4207 1806 4274 1.

660 4329 700 4397 tlt
729 4325 786 4396 17.
814 4324 897 4396 853
924 4323 1016 4396 blus.
1044 4324 1104 4396 Br.
1131 4322 1208 4396 Gat.
1237 4322 1278 4396 0.
1305 4322 1367 4396 Gr.
1395 4323 1467 4395 tab.
1496 4324 1555 4395 22.
1585 4324 1627 4416 13
1666 4320 1787 4405 19117.
1815 4318 1898 4391 8.45
1930 4317 2040 4389 Βο010
2064 4340 2123 4412 pg.
2152 4319 2209 4388 25.

660 4439 795 4536 0000.
832 4438 1008 4533 Gorgonis
1041 4440 1112 4513 fara
1146 4440 1248 4512 idem.

658 4560 689 4651 )(
714 4556 782 4644 Qu.
816 4558 885 4630 ino.
912 4563 952 4629 ut
985 4560 1017 4643 1,
1056 4558 1094 4630 in
1119 4580 1256 4630 summa
1281 4564 1380 4654 parte
1405 4562 1511 4652 caput
1536 4553 1745 4627 exuviarum
1770 4549 1892 4623 leonis.

659 4677 697 4743 ar
727 4675 825 4749 1017.
865 4674 1048 4746 sea-22
1089 4673 1181 4746 Mus.
1222 4672 1282 4746 Br.
1318 4672 1395 4745 Get.
1431 4670 1470 4744 G.
1507 4670 1571 4744 Gr.
1609 4669 1681 4741 tab.
1710 4669 1768 4740 22.
1798 4668 1841 4761 33
1866 4665 1968 4737 Head
1995 4661 2111 4735 Guide
2137 4661 2208 4733 tab.

595 4978 617 5051 ¹)
635 4975 727 5034 Aliter
754 4979 847 5033 tamen
876 4974 959 5034 Haud
988 4975 1008 5034 1.
1028 4976 1048 5035 1.
1067 4995 1113 5053 pg.
1135 4978 1191 5034 120
1212 4975 1259 5054 qui
1289 4995 1336 5035 eos
1354 4975 1436 5034 initio
1457 4973 1542 5034 seculi
1562 4974 1588 5031 V
1607 4970 1773 5049 adsignavit.
1793 4969 1865 5030 Cum
1885 4972 1979 5027 autem
1998 4965 2116 5034 Eretria,
2136 4979 2209 5022 anno

555 5074 612 5130 400
641 5065 767 5130 funditus
795 5090 812 5129 0
841 5069 933 5130 Persis
953 5089 1045 5129 eversa
1064 5071 1183 5145 (Herod.
1203 5070 1254 5130 VI.
1277 5074 1353 5147 101),
1374 5088 1517 5148 nunquam
1536 5067 1667 5147 pristinus
1686 5085 1754 5146 opes
1774 5062 1951 5142 recuperarit,
1973 5080 2028 5120 non
2049 5058 2121 5118 mibi
2141 5075 2209 5135 per-

551 5166 654 5226 suadeo
674 5171 726 5235 tot,
745 5172 803 5224 tam
823 5167 944 5245 puloroa,
965 5183 1103 5238 nummos,
1123 5172 1155 5224 ut
1174 5165 1199 5224 ei
1219 5165 1319 5243 quiin
1338 5166 1387 5225 illo
1398 5166 1523 5242 catalogo
1534 5163 1660 5225 Eretriae
1670 5163 1780 5231 dentur,
1792 5161 1835 5220 IV
1844 5158 1936 5219 seculo
1945 5155 2132 5233 adsignandoa
2141 5172 2208 5213 esse.
