4808 6390
1064 657 1109 728 79

257 873 361 964 quem
387 870 551 967 Cinyrae,
579 867 705 967 Cyprii
730 869 834 964 regis,
862 870 991 942 donum
1018 893 1093 942 esso
1116 870 1263 965 dixerat,
1290 870 1394 968 clipei
1420 894 1558 968 quoque
1583 871 1757 967 originem
1782 896 1914 946 memo·

257 988 398 1060 raverit.
433 987 626 1082 Postquam
651 986 802 1059 circulos
827 993 862 1059 et
887 986 1072 1060 umbilicos
1098 988 1258 1060 narravit
1284 989 1334 1061 sic
1360 989 1495 1085 pergit:

538 1109 582 1192 τῇ
606 1094 707 1172 δ’ἐπί
732 1103 809 1192 μὲν
833 1105 870 1172 Γ
869 1105 968 1196 οργὼ
993 1100 1304 1195 βλοσυρῶπις
1325 1104 1567 1193 ἐστεφάνωτο

537 1208 699 1286 δεινὸν
723 1209 1002 1303 δερκομένη,
1027 1215 1110 1306 περὶ
1135 1209 1176 1285 δὲ
1202 1215 1349 1306 Δεῖμός
1372 1240 1411 1284 τε
1436 1212 1577 1304 Φόβος
1602 1241 1651 1285 τε.

307 1325 509 1420 Gorgonem
534 1326 645 1421 igitur
670 1326 757 1399 dicit
783 1333 882 1399 torvo
909 1325 1012 1399 vultu
1040 1321 1311 1422 (βλοσυρῶπις,
1338 1327 1382 1400 cl.
1410 1326 1454 1400 ll.
1481 1326 1558 1400 VII
1585 1331 1657 1399 212
1684 1323 1913 1417 βλοσυροῖσι

257 1440 481 1532 προσώπασι
507 1449 543 1515 et
567 1441 642 1515 XV
670 1442 740 1514 608
768 1438 1007 1534 βλοσυρῇσιν
1031 1439 1094 1511 ὑπ’
1120 1443 1312 1539 ὀφρύσιν),
1339 1444 1449 1516 torvis
1475 1444 1597 1517 oculis.
1635 1444 1709 1517 Vix
1730 1445 1914 1518 fortuitum

257 1567 311 1635 est
343 1561 435 1657 quod
470 1584 555 1633 vasa
589 1559 710 1654 Melia,
747 1584 838 1656 quae
873 1562 1016 1659 propius
1043 1586 1149 1658 quam
1176 1569 1289 1636 cetera
1315 1569 1542 1635 monumenta
1569 1562 1612 1633 ad
1641 1563 1787 1636 Homeri
1822 1571 1917 1636 aeta·

258 1685 328 1750 tem
365 1677 547 1769 accedunt,
585 1674 787 1764 Gorgonem
823 1677 923 1771 Ila,
961 1702 1018 1776 pg.
1058 1682 1092 1773 5,
1132 1701 1269 1774 quoque
1294 1678 1446 1775 clipeum
1472 1683 1657 1750 ornantem
1683 1677 1826 1751 habent.
1877 1679 1914 1752 Si

258 1802 375 1869 autem
411 1794 542 1889 Gorgo,
579 1799 620 1865 ut
654 1793 861 1889 plerumque
895 1794 931 1865 in
968 1795 1074 1888 vasis,
1112 1801 1225 1866 totum
1263 1795 1414 1891 clipeum
1440 1799 1589 1890 occupat
1616 1793 1651 1865 id
1678 1819 1786 1891 parva
1812 1795 1915 1892 clipei

257 1913 298 1986 fit
335 1935 511 1985 mensura.
562 1911 688 1983 Rodiis
734 1910 821 1984 haec
866 1911 1105 1984 circumdatur
1157 1909 1464 2007 (στεφάνωταιλ).
1525 1910 1603 1985 Etsi
1653 1912 1729 1984 iure
1773 1914 1829 1985 vir
1870 1912 1914 1985 cl.

257 2030 492 2103 Milchhosler
526 2028 653 2124 (Arch.
690 2029 777 2101 Zeit.
819 2030 912 2102 1881
941 2053 999 2126 pg.
1028 2029 1115 2123 286)
1142 2029 1186 2101 ad
1212 2028 1371 2101 Terroris
1397 2035 1432 2100 et
1459 2029 1608 2101 Pavoris
1631 2028 1803 2123 imagines
1829 2054 1914 2102 vasa

257 2147 404 2243 antiqua
444 2147 579 2232 (Musec
612 2143 797 2242 Napoleon
831 2146 905 2218 tab.
933 2150 995 2231 oto
1030 2144 1156 2218 citavit
1190 2168 1230 2217 ea
1255 2151 1375 2217 tamen
1401 2145 1547 2241 propius
1573 2145 1617 2217 ad
1644 2168 1744 2217 arcae
1770 2144 1914 2242 Cypseli

257 2288 364 2358 quam
401 2263 445 2335 ad
484 2262 610 2335 Iliadis
649 2267 799 2334 aetatem
839 2262 1024 2335 accedunt.
1077 2261 1236 2334 Terrenis
1274 2268 1394 2334 tamen
1435 2268 1528 2334 certe
1566 2262 1682 2356 imago
1717 2269 1833 2335 exstat
1859 2262 1916 2335 vel

258 2380 412 2453 Homero
438 2382 584 2451 tortasse
610 2377 809 2474 antiquior:
836 2379 952 2450 vird.
981 2385 1078 2451 veste
1104 2379 1203 2450 brevi
1230 2379 1285 2471 (ut
1312 2376 1520 2472 Gorgones),
1563 2377 1727 2450 manibus
1754 2377 1915 2473 sublatis,

258 2496 372 2594 capite
407 2494 560 2589 leonino,
600 2518 658 2566 ore
684 2493 817 2590 hiante,
844 2494 972 2591 alatus,
999 2495 1058 2567 ala
1087 2494 1154 2566 sin.
1182 2494 1343 2588 demissa,
1372 2492 1531 2590 sculptus
1558 2492 1597 2564 in
1623 2517 1708 2566 saxo
1734 2494 1815 2566 vivo
1841 2493 1917 2566 fau·

258 2614 352 2685 cium
379 2636 468 2708 quae
494 2611 631 2683 aditum
657 2611 744 2683 dant
770 2612 813 2684 ad
840 2610 1025 2683 castellum
1046 2618 1257 2683 montanum
1279 2609 1443 2684 Pteriac?
1468 2609 1749 2705 (Regiae-locut),
1763 2610 1915 2706 regionis

259 2728 509 2825 Cappadociae,
547 2727 696 2822 (Perrot,
737 2725 878 2800 Galatie
912 2734 947 2801 et
979 2727 1154 2823 Bithynia
1192 2728 1262 2799 tab.
1298 2728 1347 2799 48
1373 2727 1439 2821 M),
1466 2749 1552 2823 opus
1577 2726 1687 2822 igitur
1713 2726 1915 2800 Hettaeum.

258 2846 392 2940 Figura
431 2870 459 2917 s.
499 2868 590 2939 quae
630 2845 668 2916 in
702 2869 789 2942 rupe
815 2845 973 2942 opposita
1000 2844 1139 2941 sculpta
1164 2850 1230 2937 est,
1256 2841 1281 2914 l.
1308 2842 1332 2914 l.
1359 2842 1413 2936 L.,
1441 2841 1497 2914 illi
1525 2867 1666 2938 prorsus
1692 2843 1819 2916 similis
1845 2844 1914 2916 nisi

258 2962 350 3058 quod
378 2960 473 3034 aliud
496 2960 604 3033 habet
629 2968 734 3058 caput
760 2961 942 3050 (caninum
967 2960 1162 3032 secundum
1188 2958 1324 3048 Perrot)
1351 2982 1472 3031 vereor
1497 2967 1538 3030 ut
1563 2959 1680 3031 Pavor
1703 2961 1759 3032 sit.
1788 2960 1912 3033 Altera

258 3080 405 3152 fortasse
431 3078 590 3151 Terroris
617 3078 729 3150 forma
755 3085 819 3150 est.

308 3195 383 3267 Vix
409 3194 526 3267 minus
552 3194 670 3291 ampla
696 3195 877 3291 discriptio
902 3193 1036 3289 acgidis
1062 3194 1247 3267 Minervae
1272 3199 1344 3266 est:

308 3312 341 3383 Il
368 3311 414 3383 V.
443 3311 514 3383 738
566 3306 672 3398 ἀμφὶ
697 3303 785 3404 δ’άρ
809 3311 979 3398 ὤμοισιν
1003 3306 1136 3397 βάλετ’
1161 3301 1298 3403 αἰγίδα
1323 3308 1630 3391 θυσσανόεσσαν,

563 3420 703 3517 δεινόν,
729 3429 774 3512 ἣν
798 3432 881 3521 πέρι
906 3430 977 3515 μὲν
1002 3428 1129 3519 πάντῃ
1156 3425 1284 3518 φόβος
1306 3425 1579 3516 ἐστεφάνωται,

561 3540 601 3608 ἐν
627 3534 663 3609 δ’
685 3537 807 3628 Ἔρις,
832 3539 876 3611 ἐν
901 3532 936 3608 δ’
965 3537 1090 3625 Ἀλκή,
1115 3539 1156 3608 ἐν
1181 3534 1221 3607 δὲ
1248 3537 1435 3629 κρυόεσσα
1462 3538 1579 3622 Ἰωκή,

562 3649 603 3720 ἐν
631 3642 676 3719 δέ
695 3676 735 3717 τε
760 3648 921 3742 Γοργείη
947 3648 1088 3738 κεφαλὴ
1115 3644 1258 3718 δεινοῖο
1284 3646 1462 3738 πελώρου,

563 3751 670 3844 δεινή
696 3783 734 3826 τε
761 3754 926 3852 σμερδνή
951 3785 1001 3847 τε,
1029 3757 1125 3840 Διὸς
1150 3763 1258 3852 τερος
1283 3756 1500 3851 αἰγιόχοιο.

309 3869 391 3940 Nou
430 3875 549 3939 tamen
588 3869 670 3941 inde
707 3871 858 3943 multum
893 3871 1038 3966 sutriae,
1075 3893 1146 3942 non
1180 3870 1274 3943 enim
1297 3894 1361 3964 ego
1387 3869 1588 3960 diiudicabo
1615 3877 1732 3942 utrum
1757 3871 1914 3966 aegidem

257 3984 479 4058 diasceuasta
506 3985 641 4080 liguris,
670 3993 709 4058 ut
734 3987 887 4086 clipeum
912 3988 1204 4082 Agamemnonis,
1232 3993 1393 4060 ornatam
1418 3987 1637 4082 cogitaverit,
1672 4012 1719 4060 an
1745 4011 1817 4059 non
1844 3988 1913 4060 nisi

258 4102 334 4175 sius
359 4102 509 4174 virtutes
536 4111 727 4176 enumeret.
780 4105 896 4198 Magis
923 4114 1041 4176 tamen
1067 4102 1183 4200 placet
1209 4104 1304 4198 prior
1331 4103 1461 4199 opini0,
1500 4127 1589 4198 quae
1614 4103 1684 4175 iam
1715 4103 1913 4176 Aristotelis

259 4219 327 4292 fuit
352 4219 484 4313 (Schol.
514 4219 557 4293 ll.
584 4221 629 4293 ad
656 4221 680 4293 l.
708 4222 759 4304 1.).
800 4221 894 4293 lllud
922 4228 1059 4294 constat
1085 4221 1279 4293 Homerum
1306 4219 1378 4291 iam
1403 4219 1446 4291 dc
1471 4220 1593 4315 aegide
1618 4221 1799 4292 Minervae
1825 4220 1914 4295 Gor-

259 4340 361 4434 gonis
395 4340 508 4436 capite
544 4348 670 4413 ornata
705 4342 884 4435 cecinisse,
923 4340 1023 4412 cuius
1059 4345 1204 4411 ornatus
1243 4338 1444 4436 exemplum
1471 4338 1511 4410 in
1536 4338 1631 4410 vasis
1656 4339 1914 4434 antiquissimis

260 4457 399 4530 nullum
434 4457 568 4531 inveni.
623 4458 776 4531 Unicum
801 4458 1002 4555 exemplum
1028 4457 1120 4551 nigr.
1147 4458 1205 4551 fig.
1232 4456 1313 4541 vide
1343 4456 1402 4528 III
1428 4457 1499 4549 cii,
1527 4479 1585 4551 pg.
1614 4456 1680 4551 373
1707 4479 1792 4528 vasa
1816 4457 1912 4530 rubr.

258 4574 317 4669 fig.
359 4573 484 4646 deinde
523 4573 629 4669 longa
668 4575 757 4648 serie
795 4583 1010 4670 sequuntur:
1053 4574 1198 4645 initium
1223 4573 1263 4645 fit
1287 4574 1332 4646 ab
1358 4572 1552 4647 Andocidis
1576 4571 1744 4669 amphora
1768 4574 1828 4646 ΙΙΙ
1854 4582 1913 4670 21ε,

259 4715 316 4787 pg.
347 4692 403 4763 15.
457 4691 583 4786 Neque
607 4717 802 4766 marmorea
828 4692 989 4790 exempla
1015 4691 1127 4763 multo
1154 4691 1355 4786 antiquiora
1381 4690 1620 4787 subpeditent.
1646 4688 1807 4761 Primum
1820 4691 1912 4786 quod

260 4808 343 4879 novi
369 4814 422 4880 est
448 4809 633 4882 Minervae
657 4811 821 4903 sedentis,
849 4834 935 4906 opus
962 4809 1109 4881 fortasse
1134 4808 1270 4881 Endoci
1297 4833 1318 4880 a
1344 4808 1459 4881 Callia
1477 4813 1610 4902 votum,
1631 4814 1786 4904 tempore
1804 4807 1914 4904 igitur

260 4923 448 5017 Pisistrati,
476 4925 514 4995 in
542 4925 642 4997 cuius
668 4926 790 5021 aegide
817 4925 993 5020 Gorgonis
1018 4932 1112 4997 certa
1139 4933 1223 4997 sunt
1250 4925 1410 5018 vestigia.
1436 4924 1559 5018 (Jahn,
1586 4925 1629 4998 de
1643 4932 1717 4999 ant.
1732 4925 1913 4998 Minervae

260 5040 457 5114 simulacris
483 5042 615 5114 Atticis
642 5067 698 5140 pg.
728 5047 749 5116 5
776 5068 851 5139 sqq.
879 5044 951 5116 tab.
982 5046 1013 5117 l.
1041 5047 1075 5137 2,
1104 5044 1124 5115 3
1152 5041 1316 5114 laudatus
1341 5041 1435 5138 apud
1462 5040 1656 5138 Overbeclx,
1684 5041 1747 5114 Gr.
1774 5040 1914 5114 Plastik

259 5157 304 5228 ad
329 5157 386 5252 lig.
413 5159 487 5252 24).
515 5158 720 5253 Sequuntur
745 5161 909 5258 deinceps
934 5161 1098 5234 Minerva
1125 5185 1143 5233 e
1170 5159 1311 5253 fastigio
1338 5157 1546 5231 occidentali
1573 5155 1694 5255 templi
1712 5157 1914 5252 Aeginetici
