4808 6390
373 761 398 817 V

1173 644 1220 715 65

467 857 690 954 )(Perseuss.
701 879 857 952 currens,
867 880 895 929 s.
906 879 1025 929 ensem
1036 856 1215 929 hamatum
1227 861 1362 950 tenens,
1372 856 2030 952 (1111111111.(111311111),1εΡι-οιω1.

469 975 518 1048 AE
546 978 604 1048 11.
630 1017 678 1028 -
705 973 1006 1046 011111111111.
1033 977 1067 1046 4.
1097 974 1157 1046 27.

519 1089 655 1163 Deinde
688 1088 863 1188 prioribus
894 1113 967 1161 non
992 1090 1104 1162 multo
1131 1090 1325 1161 recentiora
1349 1096 1434 1162 sunt
1458 1089 1585 1186 capita,
1612 1090 1642 1162 si
1668 1090 1809 1185 quidem
1835 1089 1921 1164 haec
1947 1115 2028 1164 vere

469 1206 646 1300 Gorgonis
672 1213 756 1279 sunt
782 1204 825 1279 de
850 1230 921 1302 qua
946 1230 984 1279 re
1009 1229 1146 1303 semper
1170 1204 1307 1300 dubito,
1333 1205 1372 1277 in
1398 1205 1538 1277 assibus
1567 1206 1703 1280 Olbiae.

471 1321 596 1395 Olbiae
629 1323 651 1394 8
687 1328 722 1394 et
757 1324 778 1394 9
805 1323 867 1419 qui
901 1347 974 1395 non
1007 1329 1114 1419 caput
1155 1327 1296 1394 tanturn
1322 1321 1514 1395 sedetiam
1539 1321 1670 1395 collum
1697 1329 1820 1419 torque
1845 1330 1880 1397 et
1905 1321 2029 1394 monili

470 1445 632 1511 ornatum
671 1437 815 1510 habeut.
867 1437 1006 1511 Horum
1031 1445 1231 1511 accuratam
1258 1437 1450 1532 imaginem
1475 1463 1547 1511 non
1572 1439 1656 1511 novi
1682 1439 1752 1512 nisi
1777 1439 1870 1537 apud
1895 1435 2027 1510 Waxel

468 1553 493 1628 l.
518 1554 557 1629 l..
584 1553 683 1643 Quae
708 1554 856 1628 Koehler
881 1555 991 1628 edidit
1016 1555 1055 1627 in
1078 1556 1167 1627 actis
1189 1555 1402 1628 Academiae
1422 1555 1707 1653 Petropolitanae
1728 1578 1800 1627 non
1827 1553 1911 1627 vidi.

517 1671 676 1745 Maxime
709 1670 754 1744 ad
792 1692 813 1738 a
846 1671 981 1744 accedit
1020 1695 1187 1744 nummus
1212 1695 1342 1745 aeneus
1367 1671 1539 1744 Demetrii
1564 1671 1720 1767 Aniceti,
1746 1671 1839 1765 regis
1864 1668 2028 1742 Bactriae

469 1796 504 1861 et
540 1788 666 1861 Indiae
704 1787 766 1883 qui
803 1787 907 1860 initio
933 1788 1041 1861 seculi
1076 1788 1115 1861 II
1146 1812 1179 1861 a.
1215 1787 1299 1861 Ohr.
1335 1812 1371 1860 n.
1408 1787 1582 1882 regnavit.
1622 1787 1890 1884 (Gunniugham
1915 1785 2024 1859 Num.

468 1905 600 1980 Chron.
626 1906 673 1979 N.
701 1904 737 1979 8.
762 1904 821 1978 IX
846 1929 904 2003 pg.
935 1908 1006 1979 140
1031 1907 1134 2002 sqq).

415 2022 422 2049 '
467 2023 553 2120 (lap.
580 2023 757 2117 Gorgonis
781 2023 853 2096 fere
879 2023 970 2096 idem
998 2047 1040 2096 ac
1065 2056 1098 2120 a,
1125 2023 1184 2096 sed
1212 2022 1374 2120 pluribus
1400 2021 1560 2095 crinibus
1586 2029 1622 2094 et
1647 2021 1738 2094 uodo
1763 2021 1933 2116 anguium
1960 2020 2027 2093 sub

468 2148 598 2237 mento,
624 2140 663 2212 in
688 2141 802 2213 medio
828 2141 953 2239 clipeo.
1429 2215 1451 2227 ,

466 2261 496 2352 )(
519 2256 681 2350 Tridens,
709 2273 887 2327 anxiosus
907 2272 1123 2352 nsnsrrror,
1150 2279 1415 2351 monogramma
1430 2236 1464 2339 Z·

467 2374 515 2447 [Ε
542 2375 726 2447 312312
746 2372 856 2467 (Mus.
874 2370 964 2445 Brit.
980 2373 1106 2466 23.32)
1122 2371 1212 2446 Ooll.
1225 2371 1492 2466 Ounningham.
1508 2372 1620 2444 Num.
1637 2371 1722 2446 Chr.
1737 2372 1760 2444 1.
1776 2372 1800 2444 1.
1816 2375 1887 2446 tab.
1905 2373 1971 2447 IV.
1990 2374 2025 2444 7.

517 2491 725 2563 Proximum
751 2497 869 2562 autem
894 2488 939 2562 ad
964 2488 1032 2562 hoc
1058 2489 1195 2562 accedit

468 2606 554 2705 Cap.
581 2606 758 2702 Gorgonis
784 2606 822 2678 11
847 2605 988 2679 thorace
1006 2605 1205 2679 Alexandri
1219 2607 1340 2701 magni
1354 2606 1392 2679 in
1405 2606 1632 2680 celeberrima
1646 2608 1768 2681 tabula
1783 2606 2024 2702 vermiculata,

468 2723 648 2821 Pompeiis
674 2730 822 2821 reperta,
848 2722 890 2795 de
916 2746 987 2818 qua
1011 2723 1137 2795 misere
1163 2723 1278 2796 adhuc
1292 2723 1468 2796 nescimus
1481 2722 1525 2795 ad
1544 2723 1637 2817 quod
1654 2723 1856 2821 exemplum
1870 2746 2025 2820 -opus

468 2841 544 2912 sine
569 2840 676 2913 dubio
690 2838 907 2912 celeberrimi
923 2839 1067 2935 pictoris
1081 2839 1270 2912 -lactum
1285 2839 1342 2911 sit.
1365 2838 1543 2911 Nicoclini
1562 2839 1704 2927 Quadro
1721 2840 1760 2910 in
1776 2839 2023 2912 1111111112.

517 2956 739 3029 Postremum
764 2955 835 3027 huc
860 2954 1062 3052 pertineret,
1100 2955 1132 3028 si
1157 2955 1299 3052 quidem
1323 2979 1360 3027 re
1387 2979 1470 3028 vera
1498 2955 1617 3050 Gorgo
1643 2962 1745 3052 esset,
1772 2955 2025 3052 pulcerrimum

467 3080 573 3170 caput
599 3072 801 3145 emorientis
827 3071 918 3144 illud
945 3095 1178 3145 marmoreum
1204 3072 1296 3167 quod
1324 3072 1472 3145 Medusa
1495 3070 1667 3144 Ludovisi
1693 3072 1764 3144 dici
1782 3070 1882 3144 solet.
1909 3071 2023 3161 (Mon.

466 3190 548 3264 dell'
583 3190 674 3262 Inst.
715 3189 773 3262 IX
800 3188 872 3261 tab.
900 3191 967 3285 253
994 3189 1132 3262 Annali
1161 3190 1255 3262 1871
1285 3189 1357 3262 tab.
1385 3187 1420 3284 ὃ,
1446 3188 1516 3277 Τ).
1568 3188 1718 3285 Propter
1742 3188 1861 3261 oculos
1887 3186 2025 3261 clausos

466 3308 555 3382 mihi
581 3315 701 3381 tamen
727 3307 831 3380 ualde
858 3315 1058 3404 suspectum
1085 3313 1138 3379 est
1164 3307 1229 3379 etsi
1256 3307 1312 3378 vir
1336 3306 1380 3378 cl.
1407 3303 1555 3402 Dilthey
1582 3307 1694 3392 (Ann.
1720 3305 1803 3378 dell’
1819 3304 1910 3379 Inst.
1928 3306 2022 3378 1871

466 3449 523 3523 pg.
552 3427 638 3514 237)
663 3449 744 3498 rara
769 3423 931 3520 exempla
953 3423 1148 3497 adnotavit.

516 3541 697 3638 Siquidem
723 3549 815 3614 recte
840 3565 862 3613 a
887 3541 962 3613 viro
988 3540 1202 3613 amicissimo
1228 3539 1319 3612 doct.
1346 3539 1393 3611 A.
1420 3537 1630 3611 Kalkmann
1658 3537 1783 3626 (Arch.
1810 3538 1897 3612 Zeit.
1927 3539 2023 3610 1883

464 3685 522 3758 pg.
550 3664 595 3733 41
624 3662 716 3755 sqq.)
754 3658 924 3732 Aristidis
950 3681 1209 3756 anapauomene
1226 3662 1376 3754 propter
1390 3658 1534 3749 fratris
1559 3679 1712 3728 amorem
1752 3655 1893 3730 Canace
1918 3655 2028 3729 fuisse

465 3775 704 3849 demonstrata
728 3783 791 3869 est,
819 3775 862 3869 si,
889 3783 930 3847 ut
954 3774 1046 3847 idem
1073 3773 1135 3846 ille
1162 3772 1277 3846 voluit
1302 3772 1341 3867 (l.
1368 3773 1393 3846 l.
1420 3796 1478 3869 pg.
1493 3775 1567 3869 62),
1582 3772 1688 3845 11111
1704 3773 1819 3868 operis
1834 3772 2025 3867 imaginem

466 3895 567 3967 nobis
593 3894 748 3967 servavit
773 3893 912 3989 hydria,
939 3917 967 3965 r.
995 3892 1032 3986 f,
1059 3893 1098 3987 (l.
1126 3891 1150 3964 1.
1179 3892 1251 3964 tab.
1281 3891 1314 3964 7.
1345 3893 1391 3984 1),
1429 3914 1500 3963 111
1531 3890 1680 3964 fortasse
1715 3890 1911 3963 absurdum
1946 3891 2026 3985 erit,

465 4012 580 4109 capite
621 4010 683 4083 illo
724 4035 805 4083 cum
844 4009 991 4107 hydriae
1031 4011 1168 4106 pictura
1207 4008 1346 4103 collato,
1382 4009 1420 4081 in
1446 4032 1486 4081 eo
1512 4009 1669 4083 Canaces
1695 4017 1811 4106 caput,
1839 4009 1883 4081 ad
1910 4032 2027 4082 exem·

465 4128 565 4225 plum
590 4127 735 4201 tabulae
761 4126 877 4224 pictae
901 4125 1072 4198 Aristidis
1099 4126 1288 4224 sculptum,
1316 4148 1505 4220 agnoscere
1530 4126 1633 4200 velle.
1663 4127 1741 4199 Iam
1767 4132 1884 4199 autem
1910 4126 2024 4198 rircl.

466 4246 615 4342 Dilthey
641 4245 680 4335 (l.
708 4245 732 4317 l.
759 4269 818 4342 pg.
847 4246 919 4317 226
947 4250 1037 4338 sqq.)
1066 4266 1220 4316 marmor
1245 4242 1333 4315 illud
1360 4241 1405 4314 ad
1431 4243 1633 4340 exemplum
1660 4244 1819 4341 picturae
1845 4243 2023 4340 sculptum

465 4388 540 4438 esse
565 4365 804 4438 demonstrare
829 4384 991 4457 agressus
1017 4367 1081 4433 est.

515 4479 649 4553 Dubito
675 4479 782 4552 etiam
809 4478 851 4550 de
877 4477 1054 4575 capitibus
1080 4476 1247 4549 cornibus
1272 4477 1418 4551 ornatis.
1445 4476 1540 4549 Fieri
1567 4484 1683 4573 potest
1695 4483 1735 4548 ut
1753 4482 1849 4549 certa
1863 4476 2026 4574 exempla

465 4623 521 4672 me
545 4597 713 4694 fugerint.
764 4596 863 4686 Quae
887 4603 970 4668 ante
996 4617 1051 4667 me
1077 4595 1167 4667 iacet
1192 4593 1308 4689 imago
1334 4594 1368 4689 (e
1395 4595 1517 4668 Museo
1542 4593 1653 4686 11111,
1679 4593 1758 4667 Oat.
1773 4594 1867 4665 296:
1897 4593 2026 4689 argilla
2097 4652 2101 4663 .

465 4723 575 4811 cocta,
602 4713 703 4809 nigro
728 4713 842 4786 colore
868 4711 980 4784 nitido
1007 4711 1174 4805 obducta)
1201 4711 1327 4809 capitis
1353 4711 1503 4805 adversi,
1521 4710 1680 4784 crinibus
1706 4709 1837 4808 sparsis
1853 4711 2025 4807 anguium

465 4830 567 4904 modo
593 4829 746 4924 retortis,
775 4829 868 4926 quod
894 4828 1060 4900 cornibus
1086 4826 1260 4921 vitulinis,
1287 4828 1434 4899 auribus
1460 4850 1599 4923 quoque
1625 4827 1767 4922 bestiae,
1807 4828 1869 4900 vix
1903 4836 2023 4901 tamen

465 4946 617 5043 bovinis,
642 4947 760 5043 potius
786 4943 926 5041 equinis
951 4951 1015 5016 aut
1039 4942 1204 5039 caprinis,
1232 4943 1430 5041 praeditum
1448 4948 1512 5036 est,
1527 4942 1704 5038 Gorgonis
1718 4944 1781 5016 vix
1793 4943 1933 5016 videtur
1946 4966 2024 5016 esse

465 5087 577 5160 posse.
612 5063 650 5136 Si
673 5062 817 5135 nomine
831 5060 987 5145 omnino
1014 5060 1083 5133 tibi
1110 5083 1199 5156 opus
1225 5067 1279 5132 est
1304 5082 1434 5132 nomen
1459 5082 1654 5155 proponam
1679 5058 1840 5134 Acheloi.
1867 5058 1923 5132 cf.
1949 5082 2028 5157 spe·

398 5246 403 5253 .
466 5181 587 5255 culum
603 5180 697 5278 apud
724 5177 896 5271 Gerhard,
924 5177 1016 5269 (Etr.
1043 5176 1102 5275 Sp.
1129 5177 1202 5249 tab.
1231 5177 1340 5258 3401:
1367 5175 1553 5272 Hercules,
1566 5188 1774 5271 1011135,
1789 5175 1930 5249 luctans
1942 5197 2024 5248 cunr

1798 5293 1821 5364 9
